%YAML 1.1
%TAG !u! tag:unity3d.com,2011:
--- !u!114 &3695662332166873516
MonoBehaviour:
  m_ObjectHideFlags: 0
  m_CorrespondingSourceObject: {fileID: 0}
  m_PrefabInstance: {fileID: 0}
  m_PrefabAsset: {fileID: 0}
  m_GameObject: {fileID: 1024844209289450470}
  m_Enabled: 1
  m_EditorHideFlags: 0
  m_Script: {fileID: 11500000, guid: 2115e2b24ae9d87428062a4428654e34, type: 3}
  m_Name: 
  m_EditorClassIdentifier: 
--- !u!1 &2001454943060103305
GameObject:
  m_ObjectHideFlags: 0
  m_CorrespondingSourceObject: {fileID: 0}
  m_PrefabInstance: {fileID: 0}
  m_PrefabAsset: {fileID: 0}
  serializedVersion: 6
  m_Component:
  - component: {fileID: 2066307388650639570}
  - component: {fileID: 1188532362814789338}
  m_Layer: 0
  m_Name: OnOffMarkerWrapper
  m_TagString: Untagged
  m_Icon: {fileID: 0}
  m_NavMeshLayer: 0
  m_StaticEditorFlags: 0
  m_IsActive: 1
--- !u!4 &2066307388650639570
Transform:
  m_ObjectHideFlags: 0
  m_CorrespondingSourceObject: {fileID: 0}
  m_PrefabInstance: {fileID: 0}
  m_PrefabAsset: {fileID: 0}
  m_GameObject: {fileID: 2001454943060103305}
  m_LocalRotation: {x: 0, y: 0, z: 0, w: 1}
  m_LocalPosition: {x: -3.5, y: 8, z: -2}
  m_LocalScale: {x: 1, y: 1, z: 1}
  m_Children:
  - {fileID: 7510267646215173282}
  - {fileID: 350211122468508247}
  m_Father: {fileID: 0}
  m_RootOrder: 0
  m_LocalEulerAnglesHint: {x: 0, y: 0, z: 0}
--- !u!114 &1188532362814789338
MonoBehaviour:
  m_ObjectHideFlags: 0
  m_CorrespondingSourceObject: {fileID: 0}
  m_PrefabInstance: {fileID: 0}
  m_PrefabAsset: {fileID: 0}
  m_GameObject: {fileID: 2001454943060103305}
  m_Enabled: 1
  m_EditorHideFlags: 0
  m_Script: {fileID: 11500000, guid: a38ef5f4034b3824ca78a58b734d1852, type: 3}
  m_Name: 
  m_EditorClassIdentifier: 
  onMarker: {fileID: 7686212248635667051}
  offMarker: {fileID: 454598416984216734}
--- !u!114 &5711997278333532443
MonoBehaviour:
  m_ObjectHideFlags: 0
  m_CorrespondingSourceObject: {fileID: 0}
  m_PrefabInstance: {fileID: 0}
  m_PrefabAsset: {fileID: 0}
  m_GameObject: {fileID: 7123883085006091539}
  m_Enabled: 1
  m_EditorHideFlags: 0
  m_Script: {fileID: 11500000, guid: 2115e2b24ae9d87428062a4428654e34, type: 3}
  m_Name: 
  m_EditorClassIdentifier: 
--- !u!1001 &2452949857884157127
PrefabInstance:
  m_ObjectHideFlags: 0
  serializedVersion: 2
  m_Modification:
    m_TransformParent: {fileID: 2066307388650639570}
    m_Modifications:
    - target: {fileID: 2613686732633874521, guid: b56d6e42fb84e7943b013bede066c8db,
        type: 3}
      propertyPath: m_Name
      value: Off
      objectReference: {fileID: 0}
    - target: {fileID: 2798586737002538640, guid: b56d6e42fb84e7943b013bede066c8db,
        type: 3}
      propertyPath: m_LocalPosition.x
      value: 0
      objectReference: {fileID: 0}
    - target: {fileID: 2798586737002538640, guid: b56d6e42fb84e7943b013bede066c8db,
        type: 3}
      propertyPath: m_LocalPosition.y
      value: 0
      objectReference: {fileID: 0}
    - target: {fileID: 2798586737002538640, guid: b56d6e42fb84e7943b013bede066c8db,
        type: 3}
      propertyPath: m_LocalPosition.z
      value: 0
      objectReference: {fileID: 0}
    - target: {fileID: 2798586737002538640, guid: b56d6e42fb84e7943b013bede066c8db,
        type: 3}
      propertyPath: m_LocalRotation.x
      value: -2.7934933e-26
      objectReference: {fileID: 0}
    - target: {fileID: 2798586737002538640, guid: b56d6e42fb84e7943b013bede066c8db,
        type: 3}
      propertyPath: m_LocalRotation.y
      value: 7.142961e-16
      objectReference: {fileID: 0}
    - target: {fileID: 2798586737002538640, guid: b56d6e42fb84e7943b013bede066c8db,
        type: 3}
      propertyPath: m_LocalRotation.z
      value: 2.6385144e-14
      objectReference: {fileID: 0}
    - target: {fileID: 2798586737002538640, guid: b56d6e42fb84e7943b013bede066c8db,
        type: 3}
      propertyPath: m_LocalRotation.w
      value: 1
      objectReference: {fileID: 0}
    - target: {fileID: 2798586737002538640, guid: b56d6e42fb84e7943b013bede066c8db,
        type: 3}
      propertyPath: m_RootOrder
      value: 1
      objectReference: {fileID: 0}
    - target: {fileID: 2798586737002538640, guid: b56d6e42fb84e7943b013bede066c8db,
        type: 3}
      propertyPath: m_LocalEulerAnglesHint.x
      value: 0
      objectReference: {fileID: 0}
    - target: {fileID: 2798586737002538640, guid: b56d6e42fb84e7943b013bede066c8db,
        type: 3}
      propertyPath: m_LocalEulerAnglesHint.y
      value: 0
      objectReference: {fileID: 0}
    - target: {fileID: 2798586737002538640, guid: b56d6e42fb84e7943b013bede066c8db,
        type: 3}
      propertyPath: m_LocalEulerAnglesHint.z
      value: 0
      objectReference: {fileID: 0}
    - target: {fileID: 2851630748256636721, guid: b56d6e42fb84e7943b013bede066c8db,
        type: 3}
      propertyPath: m_Materials.Array.data[0]
      value: 
      objectReference: {fileID: 2100000, guid: 92a68887fb25db047989bf884fff1ef3, type: 2}
    - target: {fileID: 3896077952624305079, guid: b56d6e42fb84e7943b013bede066c8db,
        type: 3}
      propertyPath: m_LocalScale.x
      value: 1
      objectReference: {fileID: 0}
    - target: {fileID: 3896077952624305079, guid: b56d6e42fb84e7943b013bede066c8db,
        type: 3}
      propertyPath: m_LocalPosition.x
      value: 0.5
      objectReference: {fileID: 0}
    m_RemovedComponents: []
  m_SourcePrefab: {fileID: 100100000, guid: b56d6e42fb84e7943b013bede066c8db, type: 3}
--- !u!1 &454598416984216734 stripped
GameObject:
  m_CorrespondingSourceObject: {fileID: 2613686732633874521, guid: b56d6e42fb84e7943b013bede066c8db,
    type: 3}
  m_PrefabInstance: {fileID: 2452949857884157127}
  m_PrefabAsset: {fileID: 0}
--- !u!4 &350211122468508247 stripped
Transform:
  m_CorrespondingSourceObject: {fileID: 2798586737002538640, guid: b56d6e42fb84e7943b013bede066c8db,
    type: 3}
  m_PrefabInstance: {fileID: 2452949857884157127}
  m_PrefabAsset: {fileID: 0}
--- !u!1 &7123883085006091539 stripped
GameObject:
  m_CorrespondingSourceObject: {fileID: 4672411005109928404, guid: b56d6e42fb84e7943b013bede066c8db,
    type: 3}
  m_PrefabInstance: {fileID: 2452949857884157127}
  m_PrefabAsset: {fileID: 0}
--- !u!1001 &5687843389360591410
PrefabInstance:
  m_ObjectHideFlags: 0
  serializedVersion: 2
  m_Modification:
    m_TransformParent: {fileID: 2066307388650639570}
    m_Modifications:
    - target: {fileID: 2613686732633874521, guid: b56d6e42fb84e7943b013bede066c8db,
        type: 3}
      propertyPath: m_Name
      value: On
      objectReference: {fileID: 0}
    - target: {fileID: 2798586737002538640, guid: b56d6e42fb84e7943b013bede066c8db,
        type: 3}
      propertyPath: m_LocalPosition.x
      value: 0
      objectReference: {fileID: 0}
    - target: {fileID: 2798586737002538640, guid: b56d6e42fb84e7943b013bede066c8db,
        type: 3}
      propertyPath: m_LocalPosition.y
      value: 0
      objectReference: {fileID: 0}
    - target: {fileID: 2798586737002538640, guid: b56d6e42fb84e7943b013bede066c8db,
        type: 3}
      propertyPath: m_LocalPosition.z
      value: 0
      objectReference: {fileID: 0}
    - target: {fileID: 2798586737002538640, guid: b56d6e42fb84e7943b013bede066c8db,
        type: 3}
      propertyPath: m_LocalRotation.x
      value: -2.7934933e-26
      objectReference: {fileID: 0}
    - target: {fileID: 2798586737002538640, guid: b56d6e42fb84e7943b013bede066c8db,
        type: 3}
      propertyPath: m_LocalRotation.y
      value: 7.142961e-16
      objectReference: {fileID: 0}
    - target: {fileID: 2798586737002538640, guid: b56d6e42fb84e7943b013bede066c8db,
        type: 3}
      propertyPath: m_LocalRotation.z
      value: 2.6385144e-14
      objectReference: {fileID: 0}
    - target: {fileID: 2798586737002538640, guid: b56d6e42fb84e7943b013bede066c8db,
        type: 3}
      propertyPath: m_LocalRotation.w
      value: 1
      objectReference: {fileID: 0}
    - target: {fileID: 2798586737002538640, guid: b56d6e42fb84e7943b013bede066c8db,
        type: 3}
      propertyPath: m_RootOrder
      value: 0
      objectReference: {fileID: 0}
    - target: {fileID: 2798586737002538640, guid: b56d6e42fb84e7943b013bede066c8db,
        type: 3}
      propertyPath: m_LocalEulerAnglesHint.x
      value: 0
      objectReference: {fileID: 0}
    - target: {fileID: 2798586737002538640, guid: b56d6e42fb84e7943b013bede066c8db,
        type: 3}
      propertyPath: m_LocalEulerAnglesHint.y
      value: 0
      objectReference: {fileID: 0}
    - target: {fileID: 2798586737002538640, guid: b56d6e42fb84e7943b013bede066c8db,
        type: 3}
      propertyPath: m_LocalEulerAnglesHint.z
      value: 0
      objectReference: {fileID: 0}
    - target: {fileID: 2851630748256636721, guid: b56d6e42fb84e7943b013bede066c8db,
        type: 3}
      propertyPath: m_Materials.Array.data[0]
      value: 
      objectReference: {fileID: 2100000, guid: efd2929c03d1f12488481e9140fa702a, type: 2}
    - target: {fileID: 3896077952624305079, guid: b56d6e42fb84e7943b013bede066c8db,
        type: 3}
      propertyPath: m_LocalPosition.x
      value: 0.5
      objectReference: {fileID: 0}
    - target: {fileID: 3896077952624305079, guid: b56d6e42fb84e7943b013bede066c8db,
        type: 3}
      propertyPath: m_LocalScale.x
      value: 1
      objectReference: {fileID: 0}
    m_RemovedComponents: []
  m_SourcePrefab: {fileID: 100100000, guid: b56d6e42fb84e7943b013bede066c8db, type: 3}
--- !u!1 &7686212248635667051 stripped
GameObject:
  m_CorrespondingSourceObject: {fileID: 2613686732633874521, guid: b56d6e42fb84e7943b013bede066c8db,
    type: 3}
  m_PrefabInstance: {fileID: 5687843389360591410}
  m_PrefabAsset: {fileID: 0}
--- !u!4 &7510267646215173282 stripped
Transform:
  m_CorrespondingSourceObject: {fileID: 2798586737002538640, guid: b56d6e42fb84e7943b013bede066c8db,
    type: 3}
  m_PrefabInstance: {fileID: 5687843389360591410}
  m_PrefabAsset: {fileID: 0}
--- !u!1 &1024844209289450470 stripped
GameObject:
  m_CorrespondingSourceObject: {fileID: 4672411005109928404, guid: b56d6e42fb84e7943b013bede066c8db,
    type: 3}
  m_PrefabInstance: {fileID: 5687843389360591410}
  m_PrefabAsset: {fileID: 0}
