%YAML 1.1
%TAG !u! tag:unity3d.com,2011:
--- !u!1 &4385298329134947635
GameObject:
  m_ObjectHideFlags: 0
  m_CorrespondingSourceObject: {fileID: 0}
  m_PrefabInstance: {fileID: 0}
  m_PrefabAsset: {fileID: 0}
  serializedVersion: 6
  m_Component:
  - component: {fileID: 7040281745180383533}
  m_Layer: 0
  m_Name: Main
  m_TagString: Untagged
  m_Icon: {fileID: 0}
  m_NavMeshLayer: 0
  m_StaticEditorFlags: 0
  m_IsActive: 1
--- !u!4 &7040281745180383533
Transform:
  m_ObjectHideFlags: 0
  m_CorrespondingSourceObject: {fileID: 0}
  m_PrefabInstance: {fileID: 0}
  m_PrefabAsset: {fileID: 0}
  m_GameObject: {fileID: 4385298329134947635}
  m_LocalRotation: {x: 0, y: 0.7071068, z: 0, w: 0.7071068}
  m_LocalPosition: {x: 0, y: 0, z: 0}
  m_LocalScale: {x: 1, y: 1, z: 1}
  m_Children:
  - {fileID: 6528499077398581105}
  - {fileID: 6528499078150666320}
  m_Father: {fileID: 6528499077721520793}
  m_RootOrder: 0
  m_LocalEulerAnglesHint: {x: 0, y: 90, z: 0}
--- !u!1 &6528499077398581110
GameObject:
  m_ObjectHideFlags: 0
  m_CorrespondingSourceObject: {fileID: 0}
  m_PrefabInstance: {fileID: 0}
  m_PrefabAsset: {fileID: 0}
  serializedVersion: 6
  m_Component:
  - component: {fileID: 6528499077398581105}
  - component: {fileID: 6528499077398581104}
  m_Layer: 0
  m_Name: Head
  m_TagString: Untagged
  m_Icon: {fileID: 0}
  m_NavMeshLayer: 0
  m_StaticEditorFlags: 0
  m_IsActive: 1
--- !u!4 &6528499077398581105
Transform:
  m_ObjectHideFlags: 0
  m_CorrespondingSourceObject: {fileID: 0}
  m_PrefabInstance: {fileID: 0}
  m_PrefabAsset: {fileID: 0}
  m_GameObject: {fileID: 6528499077398581110}
  m_LocalRotation: {x: -0, y: -0, z: -0, w: 1}
  m_LocalPosition: {x: 0, y: 0, z: 0}
  m_LocalScale: {x: 1, y: 1, z: 1}
  m_Children:
  - {fileID: 6706803428892340375}
  - {fileID: 6706803428449813874}
  m_Father: {fileID: 7040281745180383533}
  m_RootOrder: 0
  m_LocalEulerAnglesHint: {x: 0, y: 0, z: 0}
--- !u!114 &6528499077398581104
MonoBehaviour:
  m_ObjectHideFlags: 0
  m_CorrespondingSourceObject: {fileID: 0}
  m_PrefabInstance: {fileID: 0}
  m_PrefabAsset: {fileID: 0}
  m_GameObject: {fileID: 6528499077398581110}
  m_Enabled: 1
  m_EditorHideFlags: 0
  m_Script: {fileID: 11500000, guid: a81499af621807f4484e2b209d508708, type: 3}
  m_Name: 
  m_EditorClassIdentifier: 
--- !u!1 &6528499077721520799
GameObject:
  m_ObjectHideFlags: 0
  m_CorrespondingSourceObject: {fileID: 0}
  m_PrefabInstance: {fileID: 0}
  m_PrefabAsset: {fileID: 0}
  serializedVersion: 6
  m_Component:
  - component: {fileID: 6528499077721520793}
  - component: {fileID: 6528499077721520798}
  - component: {fileID: 835399182536154927}
  - component: {fileID: 6652002538297298736}
  - component: {fileID: -8766369983472444519}
  m_Layer: 0
  m_Name: Kamikaze
  m_TagString: Untagged
  m_Icon: {fileID: 0}
  m_NavMeshLayer: 0
  m_StaticEditorFlags: 0
  m_IsActive: 1
--- !u!4 &6528499077721520793
Transform:
  m_ObjectHideFlags: 0
  m_CorrespondingSourceObject: {fileID: 0}
  m_PrefabInstance: {fileID: 0}
  m_PrefabAsset: {fileID: 0}
  m_GameObject: {fileID: 6528499077721520799}
  m_LocalRotation: {x: 0, y: 0, z: 0, w: 1}
  m_LocalPosition: {x: 0, y: 0, z: 0}
  m_LocalScale: {x: 0.1, y: 0.1, z: 0.1}
  m_Children:
  - {fileID: 7040281745180383533}
  - {fileID: 393438595115840374}
  - {fileID: 1342462655413944274}
  m_Father: {fileID: 0}
  m_RootOrder: 0
  m_LocalEulerAnglesHint: {x: 0, y: 0, z: 0}
--- !u!114 &6528499077721520798
MonoBehaviour:
  m_ObjectHideFlags: 0
  m_CorrespondingSourceObject: {fileID: 0}
  m_PrefabInstance: {fileID: 0}
  m_PrefabAsset: {fileID: 0}
  m_GameObject: {fileID: 6528499077721520799}
  m_Enabled: 1
  m_EditorHideFlags: 0
  m_Script: {fileID: 11500000, guid: 8a558f8ccb841d44f8d5609a9e59038b, type: 3}
  m_Name: 
  m_EditorClassIdentifier: 
  Type: 43
  SubType: 0
  ObjectRadius: 1
  withGravity: 1
  isFlyingObject: 0
  CanAttackFlyingTargets: 0
  Main: {fileID: 7040281745180383533}
  head: {fileID: 6528499077398581104}
  legs: {fileID: 6528499078150666323}
  snowWave: {fileID: 618810712405950579}
--- !u!143 &835399182536154927
CharacterController:
  m_ObjectHideFlags: 0
  m_CorrespondingSourceObject: {fileID: 0}
  m_PrefabInstance: {fileID: 0}
  m_PrefabAsset: {fileID: 0}
  m_GameObject: {fileID: 6528499077721520799}
  m_Material: {fileID: 0}
  m_IsTrigger: 0
  m_Enabled: 1
  serializedVersion: 2
  m_Height: 80
  m_Radius: 20
  m_SlopeLimit: 0
  m_StepOffset: 0
  m_SkinWidth: 0.08
  m_MinMoveDistance: 0.001
  m_Center: {x: 0, y: 40, z: 0}
--- !u!114 &6652002538297298736
MonoBehaviour:
  m_ObjectHideFlags: 0
  m_CorrespondingSourceObject: {fileID: 0}
  m_PrefabInstance: {fileID: 0}
  m_PrefabAsset: {fileID: 0}
  m_GameObject: {fileID: 6528499077721520799}
  m_Enabled: 1
  m_EditorHideFlags: 0
  m_Script: {fileID: 11500000, guid: 7f058469536bf1d4794e265db2a243d7, type: 3}
  m_Name: 
  m_EditorClassIdentifier: 
  audioSources:
  - {fileID: -8766369983472444519}
--- !u!82 &-8766369983472444519
AudioSource:
  m_ObjectHideFlags: 0
  m_CorrespondingSourceObject: {fileID: 0}
  m_PrefabInstance: {fileID: 0}
  m_PrefabAsset: {fileID: 0}
  m_GameObject: {fileID: 6528499077721520799}
  m_Enabled: 1
  serializedVersion: 4
  OutputAudioMixerGroup: {fileID: 0}
  m_audioClip: {fileID: 8300000, guid: cb0579e6d1def034485548383f6043ab, type: 3}
  m_PlayOnAwake: 1
  m_Volume: 1
  m_Pitch: 1
  Loop: 0
  Mute: 0
  Spatialize: 0
  SpatializePostEffects: 0
  Priority: 128
  DopplerLevel: 1
  MinDistance: 0
  MaxDistance: 200
  Pan2D: 0
  rolloffMode: 1
  BypassEffects: 0
  BypassListenerEffects: 0
  BypassReverbZones: 0
  rolloffCustomCurve:
    serializedVersion: 2
    m_Curve:
    - serializedVersion: 3
      time: 0
      value: 1
      inSlope: 0
      outSlope: 0
      tangentMode: 0
      weightedMode: 0
      inWeight: 0.33333334
      outWeight: 0.33333334
    - serializedVersion: 3
      time: 1
      value: 0
      inSlope: 0
      outSlope: 0
      tangentMode: 0
      weightedMode: 0
      inWeight: 0.33333334
      outWeight: 0.33333334
    m_PreInfinity: 2
    m_PostInfinity: 2
    m_RotationOrder: 4
  panLevelCustomCurve:
    serializedVersion: 2
    m_Curve:
    - serializedVersion: 3
      time: 0
      value: 1
      inSlope: 0
      outSlope: 0
      tangentMode: 0
      weightedMode: 0
      inWeight: 0.33333334
      outWeight: 0.33333334
    m_PreInfinity: 2
    m_PostInfinity: 2
    m_RotationOrder: 4
  spreadCustomCurve:
    serializedVersion: 2
    m_Curve:
    - serializedVersion: 3
      time: 0
      value: 0
      inSlope: 0
      outSlope: 0
      tangentMode: 0
      weightedMode: 0
      inWeight: 0.33333334
      outWeight: 0.33333334
    m_PreInfinity: 2
    m_PostInfinity: 2
    m_RotationOrder: 4
  reverbZoneMixCustomCurve:
    serializedVersion: 2
    m_Curve:
    - serializedVersion: 3
      time: 0
      value: 1
      inSlope: 0
      outSlope: 0
      tangentMode: 0
      weightedMode: 0
      inWeight: 0.33333334
      outWeight: 0.33333334
    m_PreInfinity: 2
    m_PostInfinity: 2
    m_RotationOrder: 4
--- !u!1 &6528499078150666321
GameObject:
  m_ObjectHideFlags: 0
  m_CorrespondingSourceObject: {fileID: 0}
  m_PrefabInstance: {fileID: 0}
  m_PrefabAsset: {fileID: 0}
  serializedVersion: 6
  m_Component:
  - component: {fileID: 6528499078150666320}
  - component: {fileID: 6528499078150666323}
  m_Layer: 0
  m_Name: Legs
  m_TagString: Untagged
  m_Icon: {fileID: 0}
  m_NavMeshLayer: 0
  m_StaticEditorFlags: 0
  m_IsActive: 1
--- !u!4 &6528499078150666320
Transform:
  m_ObjectHideFlags: 0
  m_CorrespondingSourceObject: {fileID: 0}
  m_PrefabInstance: {fileID: 0}
  m_PrefabAsset: {fileID: 0}
  m_GameObject: {fileID: 6528499078150666321}
  m_LocalRotation: {x: -0, y: -0, z: -0, w: 1}
  m_LocalPosition: {x: 0, y: 0, z: 0}
  m_LocalScale: {x: 1, y: 1, z: 1}
  m_Children:
  - {fileID: 6706803429425583809}
  - {fileID: 6706803428721662220}
  - {fileID: 6706803428803334819}
  m_Father: {fileID: 7040281745180383533}
  m_RootOrder: 1
  m_LocalEulerAnglesHint: {x: 0, y: 0, z: 0}
--- !u!114 &6528499078150666323
MonoBehaviour:
  m_ObjectHideFlags: 0
  m_CorrespondingSourceObject: {fileID: 0}
  m_PrefabInstance: {fileID: 0}
  m_PrefabAsset: {fileID: 0}
  m_GameObject: {fileID: 6528499078150666321}
  m_Enabled: 1
  m_EditorHideFlags: 0
  m_Script: {fileID: 11500000, guid: a81499af621807f4484e2b209d508708, type: 3}
  m_Name: 
  m_EditorClassIdentifier: 
--- !u!1001 &4071983363312258118
PrefabInstance:
  m_ObjectHideFlags: 0
  serializedVersion: 2
  m_Modification:
    m_TransformParent: {fileID: 6528499077721520793}
    m_Modifications:
    - target: {fileID: 3036540947500102548, guid: bec7f93ad595e484987469cfabbee1c8,
        type: 3}
      propertyPath: m_RootOrder
      value: 2
      objectReference: {fileID: 0}
    - target: {fileID: 3036540947500102548, guid: bec7f93ad595e484987469cfabbee1c8,
        type: 3}
      propertyPath: m_LocalScale.x
      value: 2
      objectReference: {fileID: 0}
    - target: {fileID: 3036540947500102548, guid: bec7f93ad595e484987469cfabbee1c8,
        type: 3}
      propertyPath: m_LocalScale.y
      value: 2
      objectReference: {fileID: 0}
    - target: {fileID: 3036540947500102548, guid: bec7f93ad595e484987469cfabbee1c8,
        type: 3}
      propertyPath: m_LocalScale.z
      value: 1
      objectReference: {fileID: 0}
    - target: {fileID: 3036540947500102548, guid: bec7f93ad595e484987469cfabbee1c8,
        type: 3}
      propertyPath: m_LocalPosition.x
      value: 0
      objectReference: {fileID: 0}
    - target: {fileID: 3036540947500102548, guid: bec7f93ad595e484987469cfabbee1c8,
        type: 3}
      propertyPath: m_LocalPosition.y
      value: 1
      objectReference: {fileID: 0}
    - target: {fileID: 3036540947500102548, guid: bec7f93ad595e484987469cfabbee1c8,
        type: 3}
      propertyPath: m_LocalPosition.z
      value: 0
      objectReference: {fileID: 0}
    - target: {fileID: 3036540947500102548, guid: bec7f93ad595e484987469cfabbee1c8,
        type: 3}
      propertyPath: m_LocalRotation.w
      value: 0.7071068
      objectReference: {fileID: 0}
    - target: {fileID: 3036540947500102548, guid: bec7f93ad595e484987469cfabbee1c8,
        type: 3}
      propertyPath: m_LocalRotation.x
      value: 0.7071068
      objectReference: {fileID: 0}
    - target: {fileID: 3036540947500102548, guid: bec7f93ad595e484987469cfabbee1c8,
        type: 3}
      propertyPath: m_LocalRotation.y
      value: 0
      objectReference: {fileID: 0}
    - target: {fileID: 3036540947500102548, guid: bec7f93ad595e484987469cfabbee1c8,
        type: 3}
      propertyPath: m_LocalRotation.z
      value: 0
      objectReference: {fileID: 0}
    - target: {fileID: 3036540947500102548, guid: bec7f93ad595e484987469cfabbee1c8,
        type: 3}
      propertyPath: m_LocalEulerAnglesHint.x
      value: 90
      objectReference: {fileID: 0}
    - target: {fileID: 3036540947500102548, guid: bec7f93ad595e484987469cfabbee1c8,
        type: 3}
      propertyPath: m_LocalEulerAnglesHint.y
      value: 0
      objectReference: {fileID: 0}
    - target: {fileID: 3036540947500102548, guid: bec7f93ad595e484987469cfabbee1c8,
        type: 3}
      propertyPath: m_LocalEulerAnglesHint.z
      value: 0
      objectReference: {fileID: 0}
    - target: {fileID: 9054377095809236945, guid: bec7f93ad595e484987469cfabbee1c8,
        type: 3}
      propertyPath: m_Name
      value: UI__WeaponMarker
      objectReference: {fileID: 0}
    m_RemovedComponents: []
  m_SourcePrefab: {fileID: 100100000, guid: bec7f93ad595e484987469cfabbee1c8, type: 3}
--- !u!4 &1342462655413944274 stripped
Transform:
  m_CorrespondingSourceObject: {fileID: 3036540947500102548, guid: bec7f93ad595e484987469cfabbee1c8,
    type: 3}
  m_PrefabInstance: {fileID: 4071983363312258118}
  m_PrefabAsset: {fileID: 0}
--- !u!1001 &6528499076914606378
PrefabInstance:
  m_ObjectHideFlags: 0
  serializedVersion: 2
  m_Modification:
    m_TransformParent: {fileID: 6528499078150666320}
    m_Modifications:
    - target: {fileID: -8679921383154817045, guid: dc29786064fb58e4082bf317ef7cd62f,
        type: 3}
      propertyPath: m_RootOrder
      value: 0
      objectReference: {fileID: 0}
    - target: {fileID: -8679921383154817045, guid: dc29786064fb58e4082bf317ef7cd62f,
        type: 3}
      propertyPath: m_LocalPosition.x
      value: -0
      objectReference: {fileID: 0}
    - target: {fileID: -8679921383154817045, guid: dc29786064fb58e4082bf317ef7cd62f,
        type: 3}
      propertyPath: m_LocalPosition.y
      value: 0
      objectReference: {fileID: 0}
    - target: {fileID: -8679921383154817045, guid: dc29786064fb58e4082bf317ef7cd62f,
        type: 3}
      propertyPath: m_LocalPosition.z
      value: 0
      objectReference: {fileID: 0}
    - target: {fileID: -8679921383154817045, guid: dc29786064fb58e4082bf317ef7cd62f,
        type: 3}
      propertyPath: m_LocalRotation.w
      value: 1
      objectReference: {fileID: 0}
    - target: {fileID: -8679921383154817045, guid: dc29786064fb58e4082bf317ef7cd62f,
        type: 3}
      propertyPath: m_LocalRotation.x
      value: 0
      objectReference: {fileID: 0}
    - target: {fileID: -8679921383154817045, guid: dc29786064fb58e4082bf317ef7cd62f,
        type: 3}
      propertyPath: m_LocalRotation.y
      value: -0
      objectReference: {fileID: 0}
    - target: {fileID: -8679921383154817045, guid: dc29786064fb58e4082bf317ef7cd62f,
        type: 3}
      propertyPath: m_LocalRotation.z
      value: -0
      objectReference: {fileID: 0}
    - target: {fileID: -8679921383154817045, guid: dc29786064fb58e4082bf317ef7cd62f,
        type: 3}
      propertyPath: m_LocalEulerAnglesHint.x
      value: 0
      objectReference: {fileID: 0}
    - target: {fileID: -8679921383154817045, guid: dc29786064fb58e4082bf317ef7cd62f,
        type: 3}
      propertyPath: m_LocalEulerAnglesHint.y
      value: 0
      objectReference: {fileID: 0}
    - target: {fileID: -8679921383154817045, guid: dc29786064fb58e4082bf317ef7cd62f,
        type: 3}
      propertyPath: m_LocalEulerAnglesHint.z
      value: 0
      objectReference: {fileID: 0}
    - target: {fileID: 919132149155446097, guid: dc29786064fb58e4082bf317ef7cd62f,
        type: 3}
      propertyPath: m_Name
      value: kamikaze-legs-00
      objectReference: {fileID: 0}
    m_RemovedComponents: []
  m_SourcePrefab: {fileID: 100100000, guid: dc29786064fb58e4082bf317ef7cd62f, type: 3}
--- !u!4 &6706803429425583809 stripped
Transform:
  m_CorrespondingSourceObject: {fileID: -8679921383154817045, guid: dc29786064fb58e4082bf317ef7cd62f,
    type: 3}
  m_PrefabInstance: {fileID: 6528499076914606378}
  m_PrefabAsset: {fileID: 0}
--- !u!1001 &6528499077448111996
PrefabInstance:
  m_ObjectHideFlags: 0
  serializedVersion: 2
  m_Modification:
    m_TransformParent: {fileID: 6528499077398581105}
    m_Modifications:
    - target: {fileID: -8679921383154817045, guid: bcb906faee66c0243a3dde654cebcf75,
        type: 3}
      propertyPath: m_RootOrder
      value: 0
      objectReference: {fileID: 0}
    - target: {fileID: -8679921383154817045, guid: bcb906faee66c0243a3dde654cebcf75,
        type: 3}
      propertyPath: m_LocalPosition.x
      value: -0
      objectReference: {fileID: 0}
    - target: {fileID: -8679921383154817045, guid: bcb906faee66c0243a3dde654cebcf75,
        type: 3}
      propertyPath: m_LocalPosition.y
      value: 0
      objectReference: {fileID: 0}
    - target: {fileID: -8679921383154817045, guid: bcb906faee66c0243a3dde654cebcf75,
        type: 3}
      propertyPath: m_LocalPosition.z
      value: 0
      objectReference: {fileID: 0}
    - target: {fileID: -8679921383154817045, guid: bcb906faee66c0243a3dde654cebcf75,
        type: 3}
      propertyPath: m_LocalRotation.w
      value: 1
      objectReference: {fileID: 0}
    - target: {fileID: -8679921383154817045, guid: bcb906faee66c0243a3dde654cebcf75,
        type: 3}
      propertyPath: m_LocalRotation.x
      value: 0
      objectReference: {fileID: 0}
    - target: {fileID: -8679921383154817045, guid: bcb906faee66c0243a3dde654cebcf75,
        type: 3}
      propertyPath: m_LocalRotation.y
      value: -0
      objectReference: {fileID: 0}
    - target: {fileID: -8679921383154817045, guid: bcb906faee66c0243a3dde654cebcf75,
        type: 3}
      propertyPath: m_LocalRotation.z
      value: -0
      objectReference: {fileID: 0}
    - target: {fileID: -8679921383154817045, guid: bcb906faee66c0243a3dde654cebcf75,
        type: 3}
      propertyPath: m_LocalEulerAnglesHint.x
      value: 0
      objectReference: {fileID: 0}
    - target: {fileID: -8679921383154817045, guid: bcb906faee66c0243a3dde654cebcf75,
        type: 3}
      propertyPath: m_LocalEulerAnglesHint.y
      value: 0
      objectReference: {fileID: 0}
    - target: {fileID: -8679921383154817045, guid: bcb906faee66c0243a3dde654cebcf75,
        type: 3}
      propertyPath: m_LocalEulerAnglesHint.z
      value: 0
      objectReference: {fileID: 0}
    - target: {fileID: 919132149155446097, guid: bcb906faee66c0243a3dde654cebcf75,
        type: 3}
      propertyPath: m_Name
      value: kamikaze-head-00
      objectReference: {fileID: 0}
    m_RemovedComponents: []
  m_SourcePrefab: {fileID: 100100000, guid: bcb906faee66c0243a3dde654cebcf75, type: 3}
--- !u!4 &6706803428892340375 stripped
Transform:
  m_CorrespondingSourceObject: {fileID: -8679921383154817045, guid: bcb906faee66c0243a3dde654cebcf75,
    type: 3}
  m_PrefabInstance: {fileID: 6528499077448111996}
  m_PrefabAsset: {fileID: 0}
--- !u!1001 &6528499077494912328
PrefabInstance:
  m_ObjectHideFlags: 0
  serializedVersion: 2
  m_Modification:
    m_TransformParent: {fileID: 6528499078150666320}
    m_Modifications:
    - target: {fileID: -8679921383154817045, guid: cf0337adb0d25244da42bd9300a4c145,
        type: 3}
      propertyPath: m_RootOrder
      value: 2
      objectReference: {fileID: 0}
    - target: {fileID: -8679921383154817045, guid: cf0337adb0d25244da42bd9300a4c145,
        type: 3}
      propertyPath: m_LocalPosition.x
      value: -0
      objectReference: {fileID: 0}
    - target: {fileID: -8679921383154817045, guid: cf0337adb0d25244da42bd9300a4c145,
        type: 3}
      propertyPath: m_LocalPosition.y
      value: 0
      objectReference: {fileID: 0}
    - target: {fileID: -8679921383154817045, guid: cf0337adb0d25244da42bd9300a4c145,
        type: 3}
      propertyPath: m_LocalPosition.z
      value: 0
      objectReference: {fileID: 0}
    - target: {fileID: -8679921383154817045, guid: cf0337adb0d25244da42bd9300a4c145,
        type: 3}
      propertyPath: m_LocalRotation.w
      value: 1
      objectReference: {fileID: 0}
    - target: {fileID: -8679921383154817045, guid: cf0337adb0d25244da42bd9300a4c145,
        type: 3}
      propertyPath: m_LocalRotation.x
      value: 0
      objectReference: {fileID: 0}
    - target: {fileID: -8679921383154817045, guid: cf0337adb0d25244da42bd9300a4c145,
        type: 3}
      propertyPath: m_LocalRotation.y
      value: -0
      objectReference: {fileID: 0}
    - target: {fileID: -8679921383154817045, guid: cf0337adb0d25244da42bd9300a4c145,
        type: 3}
      propertyPath: m_LocalRotation.z
      value: -0
      objectReference: {fileID: 0}
    - target: {fileID: -8679921383154817045, guid: cf0337adb0d25244da42bd9300a4c145,
        type: 3}
      propertyPath: m_LocalEulerAnglesHint.x
      value: 0
      objectReference: {fileID: 0}
    - target: {fileID: -8679921383154817045, guid: cf0337adb0d25244da42bd9300a4c145,
        type: 3}
      propertyPath: m_LocalEulerAnglesHint.y
      value: 0
      objectReference: {fileID: 0}
    - target: {fileID: -8679921383154817045, guid: cf0337adb0d25244da42bd9300a4c145,
        type: 3}
      propertyPath: m_LocalEulerAnglesHint.z
      value: 0
      objectReference: {fileID: 0}
    - target: {fileID: 919132149155446097, guid: cf0337adb0d25244da42bd9300a4c145,
        type: 3}
      propertyPath: m_Name
      value: kamikaze-legs-02
      objectReference: {fileID: 0}
    - target: {fileID: 919132149155446097, guid: cf0337adb0d25244da42bd9300a4c145,
        type: 3}
      propertyPath: m_IsActive
      value: 0
      objectReference: {fileID: 0}
    m_RemovedComponents: []
  m_SourcePrefab: {fileID: 100100000, guid: cf0337adb0d25244da42bd9300a4c145, type: 3}
--- !u!4 &6706803428803334819 stripped
Transform:
  m_CorrespondingSourceObject: {fileID: -8679921383154817045, guid: cf0337adb0d25244da42bd9300a4c145,
    type: 3}
  m_PrefabInstance: {fileID: 6528499077494912328}
  m_PrefabAsset: {fileID: 0}
--- !u!1001 &6528499077618794215
PrefabInstance:
  m_ObjectHideFlags: 0
  serializedVersion: 2
  m_Modification:
    m_TransformParent: {fileID: 6528499078150666320}
    m_Modifications:
    - target: {fileID: -8679921383154817045, guid: 81ddd37888baa874589e848dc6dfad86,
        type: 3}
      propertyPath: m_RootOrder
      value: 1
      objectReference: {fileID: 0}
    - target: {fileID: -8679921383154817045, guid: 81ddd37888baa874589e848dc6dfad86,
        type: 3}
      propertyPath: m_LocalPosition.x
      value: -0
      objectReference: {fileID: 0}
    - target: {fileID: -8679921383154817045, guid: 81ddd37888baa874589e848dc6dfad86,
        type: 3}
      propertyPath: m_LocalPosition.y
      value: 0
      objectReference: {fileID: 0}
    - target: {fileID: -8679921383154817045, guid: 81ddd37888baa874589e848dc6dfad86,
        type: 3}
      propertyPath: m_LocalPosition.z
      value: 0
      objectReference: {fileID: 0}
    - target: {fileID: -8679921383154817045, guid: 81ddd37888baa874589e848dc6dfad86,
        type: 3}
      propertyPath: m_LocalRotation.w
      value: 1
      objectReference: {fileID: 0}
    - target: {fileID: -8679921383154817045, guid: 81ddd37888baa874589e848dc6dfad86,
        type: 3}
      propertyPath: m_LocalRotation.x
      value: 0
      objectReference: {fileID: 0}
    - target: {fileID: -8679921383154817045, guid: 81ddd37888baa874589e848dc6dfad86,
        type: 3}
      propertyPath: m_LocalRotation.y
      value: -0
      objectReference: {fileID: 0}
    - target: {fileID: -8679921383154817045, guid: 81ddd37888baa874589e848dc6dfad86,
        type: 3}
      propertyPath: m_LocalRotation.z
      value: -0
      objectReference: {fileID: 0}
    - target: {fileID: -8679921383154817045, guid: 81ddd37888baa874589e848dc6dfad86,
        type: 3}
      propertyPath: m_LocalEulerAnglesHint.x
      value: 0
      objectReference: {fileID: 0}
    - target: {fileID: -8679921383154817045, guid: 81ddd37888baa874589e848dc6dfad86,
        type: 3}
      propertyPath: m_LocalEulerAnglesHint.y
      value: 0
      objectReference: {fileID: 0}
    - target: {fileID: -8679921383154817045, guid: 81ddd37888baa874589e848dc6dfad86,
        type: 3}
      propertyPath: m_LocalEulerAnglesHint.z
      value: 0
      objectReference: {fileID: 0}
    - target: {fileID: 919132149155446097, guid: 81ddd37888baa874589e848dc6dfad86,
        type: 3}
      propertyPath: m_Name
      value: kamikaze-legs-01
      objectReference: {fileID: 0}
    - target: {fileID: 919132149155446097, guid: 81ddd37888baa874589e848dc6dfad86,
        type: 3}
      propertyPath: m_IsActive
      value: 0
      objectReference: {fileID: 0}
    m_RemovedComponents: []
  m_SourcePrefab: {fileID: 100100000, guid: 81ddd37888baa874589e848dc6dfad86, type: 3}
--- !u!4 &6706803428721662220 stripped
Transform:
  m_CorrespondingSourceObject: {fileID: -8679921383154817045, guid: 81ddd37888baa874589e848dc6dfad86,
    type: 3}
  m_PrefabInstance: {fileID: 6528499077618794215}
  m_PrefabAsset: {fileID: 0}
--- !u!1001 &6528499077882241689
PrefabInstance:
  m_ObjectHideFlags: 0
  serializedVersion: 2
  m_Modification:
    m_TransformParent: {fileID: 6528499077398581105}
    m_Modifications:
    - target: {fileID: -8679921383154817045, guid: 24f592440c06c3e4aaabe018e481756a,
        type: 3}
      propertyPath: m_RootOrder
      value: 1
      objectReference: {fileID: 0}
    - target: {fileID: -8679921383154817045, guid: 24f592440c06c3e4aaabe018e481756a,
        type: 3}
      propertyPath: m_LocalPosition.x
      value: -0
      objectReference: {fileID: 0}
    - target: {fileID: -8679921383154817045, guid: 24f592440c06c3e4aaabe018e481756a,
        type: 3}
      propertyPath: m_LocalPosition.y
      value: 0
      objectReference: {fileID: 0}
    - target: {fileID: -8679921383154817045, guid: 24f592440c06c3e4aaabe018e481756a,
        type: 3}
      propertyPath: m_LocalPosition.z
      value: 0
      objectReference: {fileID: 0}
    - target: {fileID: -8679921383154817045, guid: 24f592440c06c3e4aaabe018e481756a,
        type: 3}
      propertyPath: m_LocalRotation.w
      value: 1
      objectReference: {fileID: 0}
    - target: {fileID: -8679921383154817045, guid: 24f592440c06c3e4aaabe018e481756a,
        type: 3}
      propertyPath: m_LocalRotation.x
      value: 0
      objectReference: {fileID: 0}
    - target: {fileID: -8679921383154817045, guid: 24f592440c06c3e4aaabe018e481756a,
        type: 3}
      propertyPath: m_LocalRotation.y
      value: -0
      objectReference: {fileID: 0}
    - target: {fileID: -8679921383154817045, guid: 24f592440c06c3e4aaabe018e481756a,
        type: 3}
      propertyPath: m_LocalRotation.z
      value: -0
      objectReference: {fileID: 0}
    - target: {fileID: -8679921383154817045, guid: 24f592440c06c3e4aaabe018e481756a,
        type: 3}
      propertyPath: m_LocalEulerAnglesHint.x
      value: 0
      objectReference: {fileID: 0}
    - target: {fileID: -8679921383154817045, guid: 24f592440c06c3e4aaabe018e481756a,
        type: 3}
      propertyPath: m_LocalEulerAnglesHint.y
      value: 0
      objectReference: {fileID: 0}
    - target: {fileID: -8679921383154817045, guid: 24f592440c06c3e4aaabe018e481756a,
        type: 3}
      propertyPath: m_LocalEulerAnglesHint.z
      value: 0
      objectReference: {fileID: 0}
    - target: {fileID: 919132149155446097, guid: 24f592440c06c3e4aaabe018e481756a,
        type: 3}
      propertyPath: m_Name
      value: kamikaze-head-01
      objectReference: {fileID: 0}
    - target: {fileID: 919132149155446097, guid: 24f592440c06c3e4aaabe018e481756a,
        type: 3}
      propertyPath: m_IsActive
      value: 0
      objectReference: {fileID: 0}
    m_RemovedComponents: []
  m_SourcePrefab: {fileID: 100100000, guid: 24f592440c06c3e4aaabe018e481756a, type: 3}
--- !u!4 &6706803428449813874 stripped
Transform:
  m_CorrespondingSourceObject: {fileID: -8679921383154817045, guid: 24f592440c06c3e4aaabe018e481756a,
    type: 3}
  m_PrefabInstance: {fileID: 6528499077882241689}
  m_PrefabAsset: {fileID: 0}
--- !u!1001 &7328160629334087971
PrefabInstance:
  m_ObjectHideFlags: 0
  serializedVersion: 2
  m_Modification:
    m_TransformParent: {fileID: 6528499077721520793}
    m_Modifications:
    - target: {fileID: 6973574526029851216, guid: 1e7041dc735628c4280b97e194fdbbb3,
        type: 3}
      propertyPath: m_Name
      value: ShowWaveSmall
      objectReference: {fileID: 0}
    - target: {fileID: 6973574526029851221, guid: 1e7041dc735628c4280b97e194fdbbb3,
        type: 3}
      propertyPath: m_RootOrder
      value: 1
      objectReference: {fileID: 0}
    - target: {fileID: 6973574526029851221, guid: 1e7041dc735628c4280b97e194fdbbb3,
        type: 3}
      propertyPath: m_LocalPosition.x
      value: 0
      objectReference: {fileID: 0}
    - target: {fileID: 6973574526029851221, guid: 1e7041dc735628c4280b97e194fdbbb3,
        type: 3}
      propertyPath: m_LocalPosition.y
      value: 7
      objectReference: {fileID: 0}
    - target: {fileID: 6973574526029851221, guid: 1e7041dc735628c4280b97e194fdbbb3,
        type: 3}
      propertyPath: m_LocalPosition.z
      value: -0
      objectReference: {fileID: 0}
    - target: {fileID: 6973574526029851221, guid: 1e7041dc735628c4280b97e194fdbbb3,
        type: 3}
      propertyPath: m_LocalRotation.w
      value: 0.7071068
      objectReference: {fileID: 0}
    - target: {fileID: 6973574526029851221, guid: 1e7041dc735628c4280b97e194fdbbb3,
        type: 3}
      propertyPath: m_LocalRotation.x
      value: -0.7071068
      objectReference: {fileID: 0}
    - target: {fileID: 6973574526029851221, guid: 1e7041dc735628c4280b97e194fdbbb3,
        type: 3}
      propertyPath: m_LocalRotation.y
      value: 0
      objectReference: {fileID: 0}
    - target: {fileID: 6973574526029851221, guid: 1e7041dc735628c4280b97e194fdbbb3,
        type: 3}
      propertyPath: m_LocalRotation.z
      value: 0
      objectReference: {fileID: 0}
    - target: {fileID: 6973574526029851221, guid: 1e7041dc735628c4280b97e194fdbbb3,
        type: 3}
      propertyPath: m_LocalEulerAnglesHint.x
      value: -90
      objectReference: {fileID: 0}
    - target: {fileID: 6973574526029851221, guid: 1e7041dc735628c4280b97e194fdbbb3,
        type: 3}
      propertyPath: m_LocalEulerAnglesHint.y
      value: 0
      objectReference: {fileID: 0}
    - target: {fileID: 6973574526029851221, guid: 1e7041dc735628c4280b97e194fdbbb3,
        type: 3}
      propertyPath: m_LocalEulerAnglesHint.z
      value: 0
      objectReference: {fileID: 0}
    m_RemovedComponents: []
  m_SourcePrefab: {fileID: 100100000, guid: 1e7041dc735628c4280b97e194fdbbb3, type: 3}
--- !u!4 &393438595115840374 stripped
Transform:
  m_CorrespondingSourceObject: {fileID: 6973574526029851221, guid: 1e7041dc735628c4280b97e194fdbbb3,
    type: 3}
  m_PrefabInstance: {fileID: 7328160629334087971}
  m_PrefabAsset: {fileID: 0}
--- !u!114 &618810712405950579 stripped
MonoBehaviour:
  m_CorrespondingSourceObject: {fileID: 7864602526578891088, guid: 1e7041dc735628c4280b97e194fdbbb3,
    type: 3}
  m_PrefabInstance: {fileID: 7328160629334087971}
  m_PrefabAsset: {fileID: 0}
  m_GameObject: {fileID: 0}
  m_Enabled: 1
  m_EditorHideFlags: 0
  m_Script: {fileID: 11500000, guid: 5e679733554721a40b827e398958fdf2, type: 3}
  m_Name: 
  m_EditorClassIdentifier: 
