%YAML 1.1
%TAG !u! tag:unity3d.com,2011:
--- !u!1 &4606425705247207653
GameObject:
  m_ObjectHideFlags: 0
  m_CorrespondingSourceObject: {fileID: 0}
  m_PrefabInstance: {fileID: 0}
  m_PrefabAsset: {fileID: 0}
  serializedVersion: 6
  m_Component:
  - component: {fileID: 3793895011570723423}
  - component: {fileID: -3392267117260134114}
  m_Layer: 0
  m_Name: TerraformerUpgradeBoxWeapon
  m_TagString: Untagged
  m_Icon: {fileID: 0}
  m_NavMeshLayer: 0
  m_StaticEditorFlags: 0
  m_IsActive: 1
--- !u!4 &3793895011570723423
Transform:
  m_ObjectHideFlags: 0
  m_CorrespondingSourceObject: {fileID: 0}
  m_PrefabInstance: {fileID: 0}
  m_PrefabAsset: {fileID: 0}
  m_GameObject: {fileID: 4606425705247207653}
  m_LocalRotation: {x: 0, y: -0, z: -0, w: 1}
  m_LocalPosition: {x: -0, y: 0, z: 0}
  m_LocalScale: {x: 1, y: 1, z: 1}
  m_Children:
  - {fileID: 4383879697998650119}
  - {fileID: 1271597560062472854}
  m_Father: {fileID: 0}
  m_RootOrder: 0
  m_LocalEulerAnglesHint: {x: 0, y: 0, z: 0}
--- !u!114 &-3392267117260134114
MonoBehaviour:
  m_ObjectHideFlags: 0
  m_CorrespondingSourceObject: {fileID: 0}
  m_PrefabInstance: {fileID: 0}
  m_PrefabAsset: {fileID: 0}
  m_GameObject: {fileID: 4606425705247207653}
  m_Enabled: 1
  m_EditorHideFlags: 0
  m_Script: {fileID: 11500000, guid: 485d1af5cce78124098c1f7cc00b5eca, type: 3}
  m_Name: 
  m_EditorClassIdentifier: 
  Levels: {fileID: 1271597560062472854}
--- !u!1 &4782968101612259388
GameObject:
  m_ObjectHideFlags: 0
  m_CorrespondingSourceObject: {fileID: 0}
  m_PrefabInstance: {fileID: 0}
  m_PrefabAsset: {fileID: 0}
  serializedVersion: 6
  m_Component:
  - component: {fileID: 4383879697998650119}
  - component: {fileID: 1441578523790910029}
  - component: {fileID: 2676332413721806553}
  m_Layer: 0
  m_Name: default
  m_TagString: Untagged
  m_Icon: {fileID: 0}
  m_NavMeshLayer: 0
  m_StaticEditorFlags: 0
  m_IsActive: 1
--- !u!4 &4383879697998650119
Transform:
  m_ObjectHideFlags: 0
  m_CorrespondingSourceObject: {fileID: 0}
  m_PrefabInstance: {fileID: 0}
  m_PrefabAsset: {fileID: 0}
  m_GameObject: {fileID: 4782968101612259388}
  m_LocalRotation: {x: 0, y: -0, z: -0, w: 1}
  m_LocalPosition: {x: -0, y: 0, z: 0}
  m_LocalScale: {x: 1, y: 1, z: 1}
  m_Children: []
  m_Father: {fileID: 3793895011570723423}
  m_RootOrder: 0
  m_LocalEulerAnglesHint: {x: 0, y: 0, z: 0}
--- !u!33 &1441578523790910029
MeshFilter:
  m_ObjectHideFlags: 0
  m_CorrespondingSourceObject: {fileID: 0}
  m_PrefabInstance: {fileID: 0}
  m_PrefabAsset: {fileID: 0}
  m_GameObject: {fileID: 4782968101612259388}
  m_Mesh: {fileID: -2432090755550338912, guid: 76e7cf837b72a3f4f9bc69029a28a3bc, type: 3}
--- !u!23 &2676332413721806553
MeshRenderer:
  m_ObjectHideFlags: 0
  m_CorrespondingSourceObject: {fileID: 0}
  m_PrefabInstance: {fileID: 0}
  m_PrefabAsset: {fileID: 0}
  m_GameObject: {fileID: 4782968101612259388}
  m_Enabled: 1
  m_CastShadows: 1
  m_ReceiveShadows: 1
  m_DynamicOccludee: 1
  m_MotionVectors: 1
  m_LightProbeUsage: 1
  m_ReflectionProbeUsage: 1
  m_RayTracingMode: 2
  m_RayTraceProcedural: 0
  m_RenderingLayerMask: 1
  m_RendererPriority: 0
  m_Materials:
  - {fileID: 2100000, guid: 979f2db569072964da98dadf0ce04d31, type: 2}
  m_StaticBatchInfo:
    firstSubMesh: 0
    subMeshCount: 0
  m_StaticBatchRoot: {fileID: 0}
  m_ProbeAnchor: {fileID: 0}
  m_LightProbeVolumeOverride: {fileID: 0}
  m_ScaleInLightmap: 1
  m_ReceiveGI: 1
  m_PreserveUVs: 0
  m_IgnoreNormalsForChartDetection: 0
  m_ImportantGI: 0
  m_StitchLightmapSeams: 1
  m_SelectedEditorRenderState: 3
  m_MinimumChartSize: 4
  m_AutoUVMaxDistance: 0.5
  m_AutoUVMaxAngle: 89
  m_LightmapParameters: {fileID: 0}
  m_SortingLayerID: 0
  m_SortingLayer: 0
  m_SortingOrder: 0
  m_AdditionalVertexStreams: {fileID: 0}
--- !u!1 &6585567490844284578
GameObject:
  m_ObjectHideFlags: 0
  m_CorrespondingSourceObject: {fileID: 0}
  m_PrefabInstance: {fileID: 0}
  m_PrefabAsset: {fileID: 0}
  serializedVersion: 6
  m_Component:
  - component: {fileID: 1271597560062472854}
  m_Layer: 0
  m_Name: Levels
  m_TagString: Untagged
  m_Icon: {fileID: 0}
  m_NavMeshLayer: 0
  m_StaticEditorFlags: 0
  m_IsActive: 1
--- !u!4 &1271597560062472854
Transform:
  m_ObjectHideFlags: 0
  m_CorrespondingSourceObject: {fileID: 0}
  m_PrefabInstance: {fileID: 0}
  m_PrefabAsset: {fileID: 0}
  m_GameObject: {fileID: 6585567490844284578}
  m_LocalRotation: {x: 0, y: 0, z: 0, w: 1}
  m_LocalPosition: {x: 0, y: 0, z: 0}
  m_LocalScale: {x: 1, y: 1, z: 1}
  m_Children:
  - {fileID: 3850341493857959963}
  - {fileID: 2428988750678457561}
  - {fileID: 6365193616527166564}
  - {fileID: 1238592335140185426}
  - {fileID: 4838846314257060362}
  m_Father: {fileID: 3793895011570723423}
  m_RootOrder: 1
  m_LocalEulerAnglesHint: {x: 0, y: 0, z: 0}
--- !u!1001 &1637872480627458745
PrefabInstance:
  m_ObjectHideFlags: 0
  serializedVersion: 2
  m_Modification:
    m_TransformParent: {fileID: 1271597560062472854}
    m_Modifications:
    - target: {fileID: -8679921383154817045, guid: 3b04ab53ad62f034ba39fbf10791b907,
        type: 3}
      propertyPath: m_RootOrder
      value: 3
      objectReference: {fileID: 0}
    - target: {fileID: -8679921383154817045, guid: 3b04ab53ad62f034ba39fbf10791b907,
        type: 3}
      propertyPath: m_LocalPosition.x
      value: 0
      objectReference: {fileID: 0}
    - target: {fileID: -8679921383154817045, guid: 3b04ab53ad62f034ba39fbf10791b907,
        type: 3}
      propertyPath: m_LocalPosition.y
      value: 7
      objectReference: {fileID: 0}
    - target: {fileID: -8679921383154817045, guid: 3b04ab53ad62f034ba39fbf10791b907,
        type: 3}
      propertyPath: m_LocalPosition.z
      value: 3.5
      objectReference: {fileID: 0}
    - target: {fileID: -8679921383154817045, guid: 3b04ab53ad62f034ba39fbf10791b907,
        type: 3}
      propertyPath: m_LocalRotation.w
      value: 1
      objectReference: {fileID: 0}
    - target: {fileID: -8679921383154817045, guid: 3b04ab53ad62f034ba39fbf10791b907,
        type: 3}
      propertyPath: m_LocalRotation.x
      value: -0
      objectReference: {fileID: 0}
    - target: {fileID: -8679921383154817045, guid: 3b04ab53ad62f034ba39fbf10791b907,
        type: 3}
      propertyPath: m_LocalRotation.y
      value: -0
      objectReference: {fileID: 0}
    - target: {fileID: -8679921383154817045, guid: 3b04ab53ad62f034ba39fbf10791b907,
        type: 3}
      propertyPath: m_LocalRotation.z
      value: -0
      objectReference: {fileID: 0}
    - target: {fileID: -8679921383154817045, guid: 3b04ab53ad62f034ba39fbf10791b907,
        type: 3}
      propertyPath: m_LocalEulerAnglesHint.x
      value: 0
      objectReference: {fileID: 0}
    - target: {fileID: -8679921383154817045, guid: 3b04ab53ad62f034ba39fbf10791b907,
        type: 3}
      propertyPath: m_LocalEulerAnglesHint.y
      value: 0
      objectReference: {fileID: 0}
    - target: {fileID: -8679921383154817045, guid: 3b04ab53ad62f034ba39fbf10791b907,
        type: 3}
      propertyPath: m_LocalEulerAnglesHint.z
      value: 0
      objectReference: {fileID: 0}
    - target: {fileID: 919132149155446097, guid: 3b04ab53ad62f034ba39fbf10791b907,
        type: 3}
      propertyPath: m_Name
      value: terraformer-upgrade-marker-red (3)
      objectReference: {fileID: 0}
    m_RemovedComponents: []
  m_SourcePrefab: {fileID: 100100000, guid: 3b04ab53ad62f034ba39fbf10791b907, type: 3}
--- !u!4 &1238592335140185426 stripped
Transform:
  m_CorrespondingSourceObject: {fileID: -8679921383154817045, guid: 3b04ab53ad62f034ba39fbf10791b907,
    type: 3}
  m_PrefabInstance: {fileID: 1637872480627458745}
  m_PrefabAsset: {fileID: 0}
--- !u!1001 &2755984286193982258
PrefabInstance:
  m_ObjectHideFlags: 0
  serializedVersion: 2
  m_Modification:
    m_TransformParent: {fileID: 1271597560062472854}
    m_Modifications:
    - target: {fileID: -8679921383154817045, guid: 3b04ab53ad62f034ba39fbf10791b907,
        type: 3}
      propertyPath: m_RootOrder
      value: 1
      objectReference: {fileID: 0}
    - target: {fileID: -8679921383154817045, guid: 3b04ab53ad62f034ba39fbf10791b907,
        type: 3}
      propertyPath: m_LocalPosition.x
      value: 0
      objectReference: {fileID: 0}
    - target: {fileID: -8679921383154817045, guid: 3b04ab53ad62f034ba39fbf10791b907,
        type: 3}
      propertyPath: m_LocalPosition.y
      value: 3
      objectReference: {fileID: 0}
    - target: {fileID: -8679921383154817045, guid: 3b04ab53ad62f034ba39fbf10791b907,
        type: 3}
      propertyPath: m_LocalPosition.z
      value: 3.5
      objectReference: {fileID: 0}
    - target: {fileID: -8679921383154817045, guid: 3b04ab53ad62f034ba39fbf10791b907,
        type: 3}
      propertyPath: m_LocalRotation.w
      value: 1
      objectReference: {fileID: 0}
    - target: {fileID: -8679921383154817045, guid: 3b04ab53ad62f034ba39fbf10791b907,
        type: 3}
      propertyPath: m_LocalRotation.x
      value: -0
      objectReference: {fileID: 0}
    - target: {fileID: -8679921383154817045, guid: 3b04ab53ad62f034ba39fbf10791b907,
        type: 3}
      propertyPath: m_LocalRotation.y
      value: -0
      objectReference: {fileID: 0}
    - target: {fileID: -8679921383154817045, guid: 3b04ab53ad62f034ba39fbf10791b907,
        type: 3}
      propertyPath: m_LocalRotation.z
      value: -0
      objectReference: {fileID: 0}
    - target: {fileID: -8679921383154817045, guid: 3b04ab53ad62f034ba39fbf10791b907,
        type: 3}
      propertyPath: m_LocalEulerAnglesHint.x
      value: 0
      objectReference: {fileID: 0}
    - target: {fileID: -8679921383154817045, guid: 3b04ab53ad62f034ba39fbf10791b907,
        type: 3}
      propertyPath: m_LocalEulerAnglesHint.y
      value: 0
      objectReference: {fileID: 0}
    - target: {fileID: -8679921383154817045, guid: 3b04ab53ad62f034ba39fbf10791b907,
        type: 3}
      propertyPath: m_LocalEulerAnglesHint.z
      value: 0
      objectReference: {fileID: 0}
    - target: {fileID: 919132149155446097, guid: 3b04ab53ad62f034ba39fbf10791b907,
        type: 3}
      propertyPath: m_Name
      value: terraformer-upgrade-marker-red (1)
      objectReference: {fileID: 0}
    m_RemovedComponents: []
  m_SourcePrefab: {fileID: 100100000, guid: 3b04ab53ad62f034ba39fbf10791b907, type: 3}
--- !u!4 &2428988750678457561 stripped
Transform:
  m_CorrespondingSourceObject: {fileID: -8679921383154817045, guid: 3b04ab53ad62f034ba39fbf10791b907,
    type: 3}
  m_PrefabInstance: {fileID: 2755984286193982258}
  m_PrefabAsset: {fileID: 0}
--- !u!1001 &3667496132820641776
PrefabInstance:
  m_ObjectHideFlags: 0
  serializedVersion: 2
  m_Modification:
    m_TransformParent: {fileID: 1271597560062472854}
    m_Modifications:
    - target: {fileID: -8679921383154817045, guid: 3b04ab53ad62f034ba39fbf10791b907,
        type: 3}
      propertyPath: m_RootOrder
      value: 0
      objectReference: {fileID: 0}
    - target: {fileID: -8679921383154817045, guid: 3b04ab53ad62f034ba39fbf10791b907,
        type: 3}
      propertyPath: m_LocalPosition.x
      value: 0
      objectReference: {fileID: 0}
    - target: {fileID: -8679921383154817045, guid: 3b04ab53ad62f034ba39fbf10791b907,
        type: 3}
      propertyPath: m_LocalPosition.y
      value: 1
      objectReference: {fileID: 0}
    - target: {fileID: -8679921383154817045, guid: 3b04ab53ad62f034ba39fbf10791b907,
        type: 3}
      propertyPath: m_LocalPosition.z
      value: 3.5
      objectReference: {fileID: 0}
    - target: {fileID: -8679921383154817045, guid: 3b04ab53ad62f034ba39fbf10791b907,
        type: 3}
      propertyPath: m_LocalRotation.w
      value: 1
      objectReference: {fileID: 0}
    - target: {fileID: -8679921383154817045, guid: 3b04ab53ad62f034ba39fbf10791b907,
        type: 3}
      propertyPath: m_LocalRotation.x
      value: -0
      objectReference: {fileID: 0}
    - target: {fileID: -8679921383154817045, guid: 3b04ab53ad62f034ba39fbf10791b907,
        type: 3}
      propertyPath: m_LocalRotation.y
      value: -0
      objectReference: {fileID: 0}
    - target: {fileID: -8679921383154817045, guid: 3b04ab53ad62f034ba39fbf10791b907,
        type: 3}
      propertyPath: m_LocalRotation.z
      value: -0
      objectReference: {fileID: 0}
    - target: {fileID: -8679921383154817045, guid: 3b04ab53ad62f034ba39fbf10791b907,
        type: 3}
      propertyPath: m_LocalEulerAnglesHint.x
      value: 0
      objectReference: {fileID: 0}
    - target: {fileID: -8679921383154817045, guid: 3b04ab53ad62f034ba39fbf10791b907,
        type: 3}
      propertyPath: m_LocalEulerAnglesHint.y
      value: 0
      objectReference: {fileID: 0}
    - target: {fileID: -8679921383154817045, guid: 3b04ab53ad62f034ba39fbf10791b907,
        type: 3}
      propertyPath: m_LocalEulerAnglesHint.z
      value: 0
      objectReference: {fileID: 0}
    - target: {fileID: 919132149155446097, guid: 3b04ab53ad62f034ba39fbf10791b907,
        type: 3}
      propertyPath: m_Name
      value: terraformer-upgrade-marker-red
      objectReference: {fileID: 0}
    m_RemovedComponents: []
  m_SourcePrefab: {fileID: 100100000, guid: 3b04ab53ad62f034ba39fbf10791b907, type: 3}
--- !u!4 &3850341493857959963 stripped
Transform:
  m_CorrespondingSourceObject: {fileID: -8679921383154817045, guid: 3b04ab53ad62f034ba39fbf10791b907,
    type: 3}
  m_PrefabInstance: {fileID: 3667496132820641776}
  m_PrefabAsset: {fileID: 0}
--- !u!1001 &4948805528869238241
PrefabInstance:
  m_ObjectHideFlags: 0
  serializedVersion: 2
  m_Modification:
    m_TransformParent: {fileID: 1271597560062472854}
    m_Modifications:
    - target: {fileID: -8679921383154817045, guid: 3b04ab53ad62f034ba39fbf10791b907,
        type: 3}
      propertyPath: m_RootOrder
      value: 4
      objectReference: {fileID: 0}
    - target: {fileID: -8679921383154817045, guid: 3b04ab53ad62f034ba39fbf10791b907,
        type: 3}
      propertyPath: m_LocalPosition.x
      value: 0
      objectReference: {fileID: 0}
    - target: {fileID: -8679921383154817045, guid: 3b04ab53ad62f034ba39fbf10791b907,
        type: 3}
      propertyPath: m_LocalPosition.y
      value: 9
      objectReference: {fileID: 0}
    - target: {fileID: -8679921383154817045, guid: 3b04ab53ad62f034ba39fbf10791b907,
        type: 3}
      propertyPath: m_LocalPosition.z
      value: 3.5
      objectReference: {fileID: 0}
    - target: {fileID: -8679921383154817045, guid: 3b04ab53ad62f034ba39fbf10791b907,
        type: 3}
      propertyPath: m_LocalRotation.w
      value: 1
      objectReference: {fileID: 0}
    - target: {fileID: -8679921383154817045, guid: 3b04ab53ad62f034ba39fbf10791b907,
        type: 3}
      propertyPath: m_LocalRotation.x
      value: -0
      objectReference: {fileID: 0}
    - target: {fileID: -8679921383154817045, guid: 3b04ab53ad62f034ba39fbf10791b907,
        type: 3}
      propertyPath: m_LocalRotation.y
      value: -0
      objectReference: {fileID: 0}
    - target: {fileID: -8679921383154817045, guid: 3b04ab53ad62f034ba39fbf10791b907,
        type: 3}
      propertyPath: m_LocalRotation.z
      value: -0
      objectReference: {fileID: 0}
    - target: {fileID: -8679921383154817045, guid: 3b04ab53ad62f034ba39fbf10791b907,
        type: 3}
      propertyPath: m_LocalEulerAnglesHint.x
      value: 0
      objectReference: {fileID: 0}
    - target: {fileID: -8679921383154817045, guid: 3b04ab53ad62f034ba39fbf10791b907,
        type: 3}
      propertyPath: m_LocalEulerAnglesHint.y
      value: 0
      objectReference: {fileID: 0}
    - target: {fileID: -8679921383154817045, guid: 3b04ab53ad62f034ba39fbf10791b907,
        type: 3}
      propertyPath: m_LocalEulerAnglesHint.z
      value: 0
      objectReference: {fileID: 0}
    - target: {fileID: 919132149155446097, guid: 3b04ab53ad62f034ba39fbf10791b907,
        type: 3}
      propertyPath: m_Name
      value: terraformer-upgrade-marker-red (4)
      objectReference: {fileID: 0}
    m_RemovedComponents: []
  m_SourcePrefab: {fileID: 100100000, guid: 3b04ab53ad62f034ba39fbf10791b907, type: 3}
--- !u!4 &4838846314257060362 stripped
Transform:
  m_CorrespondingSourceObject: {fileID: -8679921383154817045, guid: 3b04ab53ad62f034ba39fbf10791b907,
    type: 3}
  m_PrefabInstance: {fileID: 4948805528869238241}
  m_PrefabAsset: {fileID: 0}
--- !u!1001 &6908254251002293135
PrefabInstance:
  m_ObjectHideFlags: 0
  serializedVersion: 2
  m_Modification:
    m_TransformParent: {fileID: 1271597560062472854}
    m_Modifications:
    - target: {fileID: -8679921383154817045, guid: 3b04ab53ad62f034ba39fbf10791b907,
        type: 3}
      propertyPath: m_RootOrder
      value: 2
      objectReference: {fileID: 0}
    - target: {fileID: -8679921383154817045, guid: 3b04ab53ad62f034ba39fbf10791b907,
        type: 3}
      propertyPath: m_LocalPosition.x
      value: 0
      objectReference: {fileID: 0}
    - target: {fileID: -8679921383154817045, guid: 3b04ab53ad62f034ba39fbf10791b907,
        type: 3}
      propertyPath: m_LocalPosition.y
      value: 5
      objectReference: {fileID: 0}
    - target: {fileID: -8679921383154817045, guid: 3b04ab53ad62f034ba39fbf10791b907,
        type: 3}
      propertyPath: m_LocalPosition.z
      value: 3.5
      objectReference: {fileID: 0}
    - target: {fileID: -8679921383154817045, guid: 3b04ab53ad62f034ba39fbf10791b907,
        type: 3}
      propertyPath: m_LocalRotation.w
      value: 1
      objectReference: {fileID: 0}
    - target: {fileID: -8679921383154817045, guid: 3b04ab53ad62f034ba39fbf10791b907,
        type: 3}
      propertyPath: m_LocalRotation.x
      value: -0
      objectReference: {fileID: 0}
    - target: {fileID: -8679921383154817045, guid: 3b04ab53ad62f034ba39fbf10791b907,
        type: 3}
      propertyPath: m_LocalRotation.y
      value: -0
      objectReference: {fileID: 0}
    - target: {fileID: -8679921383154817045, guid: 3b04ab53ad62f034ba39fbf10791b907,
        type: 3}
      propertyPath: m_LocalRotation.z
      value: -0
      objectReference: {fileID: 0}
    - target: {fileID: -8679921383154817045, guid: 3b04ab53ad62f034ba39fbf10791b907,
        type: 3}
      propertyPath: m_LocalEulerAnglesHint.x
      value: 0
      objectReference: {fileID: 0}
    - target: {fileID: -8679921383154817045, guid: 3b04ab53ad62f034ba39fbf10791b907,
        type: 3}
      propertyPath: m_LocalEulerAnglesHint.y
      value: 0
      objectReference: {fileID: 0}
    - target: {fileID: -8679921383154817045, guid: 3b04ab53ad62f034ba39fbf10791b907,
        type: 3}
      propertyPath: m_LocalEulerAnglesHint.z
      value: 0
      objectReference: {fileID: 0}
    - target: {fileID: 919132149155446097, guid: 3b04ab53ad62f034ba39fbf10791b907,
        type: 3}
      propertyPath: m_Name
      value: terraformer-upgrade-marker-red (2)
      objectReference: {fileID: 0}
    m_RemovedComponents: []
  m_SourcePrefab: {fileID: 100100000, guid: 3b04ab53ad62f034ba39fbf10791b907, type: 3}
--- !u!4 &6365193616527166564 stripped
Transform:
  m_CorrespondingSourceObject: {fileID: -8679921383154817045, guid: 3b04ab53ad62f034ba39fbf10791b907,
    type: 3}
  m_PrefabInstance: {fileID: 6908254251002293135}
  m_PrefabAsset: {fileID: 0}
