%YAML 1.1
%TAG !u! tag:unity3d.com,2011:
--- !u!1 &789696608325071182
GameObject:
  m_ObjectHideFlags: 0
  m_CorrespondingSourceObject: {fileID: 0}
  m_PrefabInstance: {fileID: 0}
  m_PrefabAsset: {fileID: 0}
  serializedVersion: 6
  m_Component:
  - component: {fileID: 789696608325071180}
  - component: {fileID: 789696608325071181}
  - component: {fileID: 4537661185511486331}
  m_Layer: 0
  m_Name: Tree
  m_TagString: Untagged
  m_Icon: {fileID: 0}
  m_NavMeshLayer: 0
  m_StaticEditorFlags: 0
  m_IsActive: 1
--- !u!4 &789696608325071180
Transform:
  m_ObjectHideFlags: 0
  m_CorrespondingSourceObject: {fileID: 0}
  m_PrefabInstance: {fileID: 0}
  m_PrefabAsset: {fileID: 0}
  m_GameObject: {fileID: 789696608325071182}
  m_LocalRotation: {x: 0, y: 0, z: 0, w: 1}
  m_LocalPosition: {x: 0, y: 0, z: 0}
  m_LocalScale: {x: 0.1, y: 0.1, z: 0.1}
  m_Children:
  - {fileID: 8595448438458438275}
  - {fileID: 512490376410456280}
  m_Father: {fileID: 0}
  m_RootOrder: 0
  m_LocalEulerAnglesHint: {x: 0, y: 0, z: 0}
--- !u!114 &789696608325071181
MonoBehaviour:
  m_ObjectHideFlags: 0
  m_CorrespondingSourceObject: {fileID: 0}
  m_PrefabInstance: {fileID: 0}
  m_PrefabAsset: {fileID: 0}
  m_GameObject: {fileID: 789696608325071182}
  m_Enabled: 1
  m_EditorHideFlags: 0
  m_Script: {fileID: 11500000, guid: 1a502899391a5e34fb21b1685c11aaee, type: 3}
  m_Name: 
  m_EditorClassIdentifier: 
  Type: 401
  SubType: 0
  ObjectRadius: 1
  Main: {fileID: 8595448438458438275}
--- !u!65 &4537661185511486331
BoxCollider:
  m_ObjectHideFlags: 0
  m_CorrespondingSourceObject: {fileID: 0}
  m_PrefabInstance: {fileID: 0}
  m_PrefabAsset: {fileID: 0}
  m_GameObject: {fileID: 789696608325071182}
  m_Material: {fileID: 0}
  m_IsTrigger: 0
  m_Enabled: 1
  serializedVersion: 2
  m_Size: {x: 2, y: 50, z: 2}
  m_Center: {x: 0, y: 25, z: 0}
--- !u!1 &7858345954478795962
GameObject:
  m_ObjectHideFlags: 0
  m_CorrespondingSourceObject: {fileID: 0}
  m_PrefabInstance: {fileID: 0}
  m_PrefabAsset: {fileID: 0}
  serializedVersion: 6
  m_Component:
  - component: {fileID: 8595448438458438275}
  m_Layer: 0
  m_Name: Main
  m_TagString: Untagged
  m_Icon: {fileID: 0}
  m_NavMeshLayer: 0
  m_StaticEditorFlags: 0
  m_IsActive: 1
--- !u!4 &8595448438458438275
Transform:
  m_ObjectHideFlags: 0
  m_CorrespondingSourceObject: {fileID: 0}
  m_PrefabInstance: {fileID: 0}
  m_PrefabAsset: {fileID: 0}
  m_GameObject: {fileID: 7858345954478795962}
  m_LocalRotation: {x: 0, y: 0, z: 0, w: 1}
  m_LocalPosition: {x: 0, y: 0, z: 0}
  m_LocalScale: {x: 1, y: 1, z: 1}
  m_Children:
  - {fileID: 1703564311286290648}
  - {fileID: 8104465564861233589}
  m_Father: {fileID: 789696608325071180}
  m_RootOrder: 0
  m_LocalEulerAnglesHint: {x: 0, y: 0, z: 0}
--- !u!1001 &42223674412828467
PrefabInstance:
  m_ObjectHideFlags: 0
  serializedVersion: 2
  m_Modification:
    m_TransformParent: {fileID: 789696608325071180}
    m_Modifications:
    - target: {fileID: -8679921383154817045, guid: b80e5624f43735e40b237584cee0b14e,
        type: 3}
      propertyPath: m_RootOrder
      value: 1
      objectReference: {fileID: 0}
    - target: {fileID: -8679921383154817045, guid: b80e5624f43735e40b237584cee0b14e,
        type: 3}
      propertyPath: m_LocalScale.x
      value: 1
      objectReference: {fileID: 0}
    - target: {fileID: -8679921383154817045, guid: b80e5624f43735e40b237584cee0b14e,
        type: 3}
      propertyPath: m_LocalScale.y
      value: 0.20000002
      objectReference: {fileID: 0}
    - target: {fileID: -8679921383154817045, guid: b80e5624f43735e40b237584cee0b14e,
        type: 3}
      propertyPath: m_LocalPosition.x
      value: 0
      objectReference: {fileID: 0}
    - target: {fileID: -8679921383154817045, guid: b80e5624f43735e40b237584cee0b14e,
        type: 3}
      propertyPath: m_LocalPosition.y
      value: 0
      objectReference: {fileID: 0}
    - target: {fileID: -8679921383154817045, guid: b80e5624f43735e40b237584cee0b14e,
        type: 3}
      propertyPath: m_LocalPosition.z
      value: 0
      objectReference: {fileID: 0}
    - target: {fileID: -8679921383154817045, guid: b80e5624f43735e40b237584cee0b14e,
        type: 3}
      propertyPath: m_LocalRotation.w
      value: 1
      objectReference: {fileID: 0}
    - target: {fileID: -8679921383154817045, guid: b80e5624f43735e40b237584cee0b14e,
        type: 3}
      propertyPath: m_LocalRotation.x
      value: -0
      objectReference: {fileID: 0}
    - target: {fileID: -8679921383154817045, guid: b80e5624f43735e40b237584cee0b14e,
        type: 3}
      propertyPath: m_LocalRotation.y
      value: -0
      objectReference: {fileID: 0}
    - target: {fileID: -8679921383154817045, guid: b80e5624f43735e40b237584cee0b14e,
        type: 3}
      propertyPath: m_LocalRotation.z
      value: -0
      objectReference: {fileID: 0}
    - target: {fileID: -8679921383154817045, guid: b80e5624f43735e40b237584cee0b14e,
        type: 3}
      propertyPath: m_LocalEulerAnglesHint.x
      value: 0
      objectReference: {fileID: 0}
    - target: {fileID: -8679921383154817045, guid: b80e5624f43735e40b237584cee0b14e,
        type: 3}
      propertyPath: m_LocalEulerAnglesHint.y
      value: 0
      objectReference: {fileID: 0}
    - target: {fileID: -8679921383154817045, guid: b80e5624f43735e40b237584cee0b14e,
        type: 3}
      propertyPath: m_LocalEulerAnglesHint.z
      value: 0
      objectReference: {fileID: 0}
    - target: {fileID: 919132149155446097, guid: b80e5624f43735e40b237584cee0b14e,
        type: 3}
      propertyPath: m_Name
      value: tree-trunk (1)
      objectReference: {fileID: 0}
    m_RemovedComponents: []
  m_SourcePrefab: {fileID: 100100000, guid: b80e5624f43735e40b237584cee0b14e, type: 3}
--- !u!4 &512490376410456280 stripped
Transform:
  m_CorrespondingSourceObject: {fileID: -8679921383154817045, guid: b80e5624f43735e40b237584cee0b14e,
    type: 3}
  m_PrefabInstance: {fileID: 42223674412828467}
  m_PrefabAsset: {fileID: 0}
--- !u!1001 &1166150598278381363
PrefabInstance:
  m_ObjectHideFlags: 0
  serializedVersion: 2
  m_Modification:
    m_TransformParent: {fileID: 8595448438458438275}
    m_Modifications:
    - target: {fileID: -8679921383154817045, guid: 101b9f16bb6ec6444b5e826e6687dfc9,
        type: 3}
      propertyPath: m_RootOrder
      value: 0
      objectReference: {fileID: 0}
    - target: {fileID: -8679921383154817045, guid: 101b9f16bb6ec6444b5e826e6687dfc9,
        type: 3}
      propertyPath: m_LocalPosition.x
      value: 0
      objectReference: {fileID: 0}
    - target: {fileID: -8679921383154817045, guid: 101b9f16bb6ec6444b5e826e6687dfc9,
        type: 3}
      propertyPath: m_LocalPosition.y
      value: 10
      objectReference: {fileID: 0}
    - target: {fileID: -8679921383154817045, guid: 101b9f16bb6ec6444b5e826e6687dfc9,
        type: 3}
      propertyPath: m_LocalPosition.z
      value: 0
      objectReference: {fileID: 0}
    - target: {fileID: -8679921383154817045, guid: 101b9f16bb6ec6444b5e826e6687dfc9,
        type: 3}
      propertyPath: m_LocalRotation.w
      value: 1
      objectReference: {fileID: 0}
    - target: {fileID: -8679921383154817045, guid: 101b9f16bb6ec6444b5e826e6687dfc9,
        type: 3}
      propertyPath: m_LocalRotation.x
      value: -0
      objectReference: {fileID: 0}
    - target: {fileID: -8679921383154817045, guid: 101b9f16bb6ec6444b5e826e6687dfc9,
        type: 3}
      propertyPath: m_LocalRotation.y
      value: -0
      objectReference: {fileID: 0}
    - target: {fileID: -8679921383154817045, guid: 101b9f16bb6ec6444b5e826e6687dfc9,
        type: 3}
      propertyPath: m_LocalRotation.z
      value: -0
      objectReference: {fileID: 0}
    - target: {fileID: -8679921383154817045, guid: 101b9f16bb6ec6444b5e826e6687dfc9,
        type: 3}
      propertyPath: m_LocalEulerAnglesHint.x
      value: 0
      objectReference: {fileID: 0}
    - target: {fileID: -8679921383154817045, guid: 101b9f16bb6ec6444b5e826e6687dfc9,
        type: 3}
      propertyPath: m_LocalEulerAnglesHint.y
      value: 0
      objectReference: {fileID: 0}
    - target: {fileID: -8679921383154817045, guid: 101b9f16bb6ec6444b5e826e6687dfc9,
        type: 3}
      propertyPath: m_LocalEulerAnglesHint.z
      value: 0
      objectReference: {fileID: 0}
    - target: {fileID: 919132149155446097, guid: 101b9f16bb6ec6444b5e826e6687dfc9,
        type: 3}
      propertyPath: m_Name
      value: tree-crown
      objectReference: {fileID: 0}
    m_RemovedComponents: []
  m_SourcePrefab: {fileID: 100100000, guid: 101b9f16bb6ec6444b5e826e6687dfc9, type: 3}
--- !u!4 &1703564311286290648 stripped
Transform:
  m_CorrespondingSourceObject: {fileID: -8679921383154817045, guid: 101b9f16bb6ec6444b5e826e6687dfc9,
    type: 3}
  m_PrefabInstance: {fileID: 1166150598278381363}
  m_PrefabAsset: {fileID: 0}
--- !u!1001 &8643077289943047774
PrefabInstance:
  m_ObjectHideFlags: 0
  serializedVersion: 2
  m_Modification:
    m_TransformParent: {fileID: 8595448438458438275}
    m_Modifications:
    - target: {fileID: -8679921383154817045, guid: b80e5624f43735e40b237584cee0b14e,
        type: 3}
      propertyPath: m_RootOrder
      value: 1
      objectReference: {fileID: 0}
    - target: {fileID: -8679921383154817045, guid: b80e5624f43735e40b237584cee0b14e,
        type: 3}
      propertyPath: m_LocalScale.x
      value: 1
      objectReference: {fileID: 0}
    - target: {fileID: -8679921383154817045, guid: b80e5624f43735e40b237584cee0b14e,
        type: 3}
      propertyPath: m_LocalPosition.x
      value: 0
      objectReference: {fileID: 0}
    - target: {fileID: -8679921383154817045, guid: b80e5624f43735e40b237584cee0b14e,
        type: 3}
      propertyPath: m_LocalPosition.y
      value: 0
      objectReference: {fileID: 0}
    - target: {fileID: -8679921383154817045, guid: b80e5624f43735e40b237584cee0b14e,
        type: 3}
      propertyPath: m_LocalPosition.z
      value: 0
      objectReference: {fileID: 0}
    - target: {fileID: -8679921383154817045, guid: b80e5624f43735e40b237584cee0b14e,
        type: 3}
      propertyPath: m_LocalRotation.w
      value: 1
      objectReference: {fileID: 0}
    - target: {fileID: -8679921383154817045, guid: b80e5624f43735e40b237584cee0b14e,
        type: 3}
      propertyPath: m_LocalRotation.x
      value: -0
      objectReference: {fileID: 0}
    - target: {fileID: -8679921383154817045, guid: b80e5624f43735e40b237584cee0b14e,
        type: 3}
      propertyPath: m_LocalRotation.y
      value: -0
      objectReference: {fileID: 0}
    - target: {fileID: -8679921383154817045, guid: b80e5624f43735e40b237584cee0b14e,
        type: 3}
      propertyPath: m_LocalRotation.z
      value: -0
      objectReference: {fileID: 0}
    - target: {fileID: -8679921383154817045, guid: b80e5624f43735e40b237584cee0b14e,
        type: 3}
      propertyPath: m_LocalEulerAnglesHint.x
      value: 0
      objectReference: {fileID: 0}
    - target: {fileID: -8679921383154817045, guid: b80e5624f43735e40b237584cee0b14e,
        type: 3}
      propertyPath: m_LocalEulerAnglesHint.y
      value: 0
      objectReference: {fileID: 0}
    - target: {fileID: -8679921383154817045, guid: b80e5624f43735e40b237584cee0b14e,
        type: 3}
      propertyPath: m_LocalEulerAnglesHint.z
      value: 0
      objectReference: {fileID: 0}
    - target: {fileID: 919132149155446097, guid: b80e5624f43735e40b237584cee0b14e,
        type: 3}
      propertyPath: m_Name
      value: tree-trunk
      objectReference: {fileID: 0}
    m_RemovedComponents: []
  m_SourcePrefab: {fileID: 100100000, guid: b80e5624f43735e40b237584cee0b14e, type: 3}
--- !u!4 &8104465564861233589 stripped
Transform:
  m_CorrespondingSourceObject: {fileID: -8679921383154817045, guid: b80e5624f43735e40b237584cee0b14e,
    type: 3}
  m_PrefabInstance: {fileID: 8643077289943047774}
  m_PrefabAsset: {fileID: 0}
