%YAML 1.1
%TAG !u! tag:unity3d.com,2011:
--- !u!1 &1955239336242475418
GameObject:
  m_ObjectHideFlags: 0
  m_CorrespondingSourceObject: {fileID: 0}
  m_PrefabInstance: {fileID: 0}
  m_PrefabAsset: {fileID: 0}
  serializedVersion: 6
  m_Component:
  - component: {fileID: 2730267163828003723}
  m_Layer: 0
  m_Name: Guns
  m_TagString: Untagged
  m_Icon: {fileID: 0}
  m_NavMeshLayer: 0
  m_StaticEditorFlags: 0
  m_IsActive: 1
--- !u!4 &2730267163828003723
Transform:
  m_ObjectHideFlags: 0
  m_CorrespondingSourceObject: {fileID: 0}
  m_PrefabInstance: {fileID: 0}
  m_PrefabAsset: {fileID: 0}
  m_GameObject: {fileID: 1955239336242475418}
  m_LocalRotation: {x: 0, y: 0, z: 0, w: 1}
  m_LocalPosition: {x: 0, y: 0, z: 0}
  m_LocalScale: {x: 1, y: 1, z: 1}
  m_Children:
  - {fileID: 3435726620457381880}
  - {fileID: 6039671977383832487}
  - {fileID: 2437844851221390103}
  m_Father: {fileID: 8987012179147588723}
  m_RootOrder: 0
  m_LocalEulerAnglesHint: {x: 0, y: 0, z: 0}
--- !u!1 &3085017144556957630
GameObject:
  m_ObjectHideFlags: 0
  m_CorrespondingSourceObject: {fileID: 0}
  m_PrefabInstance: {fileID: 0}
  m_PrefabAsset: {fileID: 0}
  serializedVersion: 6
  m_Component:
  - component: {fileID: 4453526035569206286}
  m_Layer: 0
  m_Name: Main
  m_TagString: Untagged
  m_Icon: {fileID: 0}
  m_NavMeshLayer: 0
  m_StaticEditorFlags: 0
  m_IsActive: 1
--- !u!4 &4453526035569206286
Transform:
  m_ObjectHideFlags: 0
  m_CorrespondingSourceObject: {fileID: 0}
  m_PrefabInstance: {fileID: 0}
  m_PrefabAsset: {fileID: 0}
  m_GameObject: {fileID: 3085017144556957630}
  m_LocalRotation: {x: 0, y: 0, z: 0, w: 1}
  m_LocalPosition: {x: 0, y: 0, z: 0}
  m_LocalScale: {x: 1, y: 1, z: 1}
  m_Children:
  - {fileID: 8987012179147588723}
  - {fileID: 7598082234338693000}
  m_Father: {fileID: 8987012180087681745}
  m_RootOrder: 0
  m_LocalEulerAnglesHint: {x: 0, y: 0, z: 0}
--- !u!1 &8987012179147588732
GameObject:
  m_ObjectHideFlags: 0
  m_CorrespondingSourceObject: {fileID: 0}
  m_PrefabInstance: {fileID: 0}
  m_PrefabAsset: {fileID: 0}
  serializedVersion: 6
  m_Component:
  - component: {fileID: 8987012179147588723}
  - component: {fileID: 1376637430831940008}
  m_Layer: 0
  m_Name: Cabine
  m_TagString: Untagged
  m_Icon: {fileID: 0}
  m_NavMeshLayer: 0
  m_StaticEditorFlags: 0
  m_IsActive: 1
--- !u!4 &8987012179147588723
Transform:
  m_ObjectHideFlags: 0
  m_CorrespondingSourceObject: {fileID: 0}
  m_PrefabInstance: {fileID: 0}
  m_PrefabAsset: {fileID: 0}
  m_GameObject: {fileID: 8987012179147588732}
  m_LocalRotation: {x: -0, y: -0, z: -0, w: 1}
  m_LocalPosition: {x: 0, y: 0, z: 0}
  m_LocalScale: {x: 1, y: 1, z: 1}
  m_Children:
  - {fileID: 2730267163828003723}
  - {fileID: 5664197237877780337}
  - {fileID: 6730051244436466930}
  m_Father: {fileID: 4453526035569206286}
  m_RootOrder: 0
  m_LocalEulerAnglesHint: {x: 0, y: 0, z: 0}
--- !u!114 &1376637430831940008
MonoBehaviour:
  m_ObjectHideFlags: 0
  m_CorrespondingSourceObject: {fileID: 0}
  m_PrefabInstance: {fileID: 0}
  m_PrefabAsset: {fileID: 0}
  m_GameObject: {fileID: 8987012179147588732}
  m_Enabled: 1
  m_EditorHideFlags: 0
  m_Script: {fileID: 11500000, guid: 03f028b93c56a674eb39d62671976714, type: 3}
  m_Name: 
  m_EditorClassIdentifier: 
--- !u!1 &8987012180087681746
GameObject:
  m_ObjectHideFlags: 0
  m_CorrespondingSourceObject: {fileID: 0}
  m_PrefabInstance: {fileID: 0}
  m_PrefabAsset: {fileID: 0}
  serializedVersion: 6
  m_Component:
  - component: {fileID: 8987012180087681745}
  - component: {fileID: 2496162733671645498}
  - component: {fileID: 518370216107836364}
  - component: {fileID: -4083133604740533936}
  - component: {fileID: 353648111956913441}
  m_Layer: 0
  m_Name: Turret4
  m_TagString: Untagged
  m_Icon: {fileID: 0}
  m_NavMeshLayer: 0
  m_StaticEditorFlags: 0
  m_IsActive: 1
--- !u!4 &8987012180087681745
Transform:
  m_ObjectHideFlags: 0
  m_CorrespondingSourceObject: {fileID: 0}
  m_PrefabInstance: {fileID: 0}
  m_PrefabAsset: {fileID: 0}
  m_GameObject: {fileID: 8987012180087681746}
  m_LocalRotation: {x: 0, y: 0, z: 0, w: 1}
  m_LocalPosition: {x: 0, y: 0, z: 0}
  m_LocalScale: {x: 0.1, y: 0.1, z: 0.1}
  m_Children:
  - {fileID: 4453526035569206286}
  - {fileID: 7819382174239488649}
  - {fileID: 1760756734350625410}
  m_Father: {fileID: 0}
  m_RootOrder: 0
  m_LocalEulerAnglesHint: {x: 0, y: 0, z: 0}
--- !u!114 &2496162733671645498
MonoBehaviour:
  m_ObjectHideFlags: 0
  m_CorrespondingSourceObject: {fileID: 0}
  m_PrefabInstance: {fileID: 0}
  m_PrefabAsset: {fileID: 0}
  m_GameObject: {fileID: 8987012180087681746}
  m_Enabled: 1
  m_EditorHideFlags: 0
  m_Script: {fileID: 11500000, guid: 653c8412efbe14348aa24228dbae1d51, type: 3}
  m_Name: 
  m_EditorClassIdentifier: 
  Type: 203
  SubType: 2034
  ObjectRadius: 1
  Main: {fileID: 4453526035569206286}
  bricks: {fileID: 2885886483038296382}
  upgradeLevel: 4
--- !u!65 &518370216107836364
BoxCollider:
  m_ObjectHideFlags: 0
  m_CorrespondingSourceObject: {fileID: 0}
  m_PrefabInstance: {fileID: 0}
  m_PrefabAsset: {fileID: 0}
  m_GameObject: {fileID: 8987012180087681746}
  m_Material: {fileID: 0}
  m_IsTrigger: 0
  m_Enabled: 1
  serializedVersion: 2
  m_Size: {x: 10, y: 30, z: 10}
  m_Center: {x: 0, y: 15, z: 0}
--- !u!82 &-4083133604740533936
AudioSource:
  m_ObjectHideFlags: 0
  m_CorrespondingSourceObject: {fileID: 0}
  m_PrefabInstance: {fileID: 0}
  m_PrefabAsset: {fileID: 0}
  m_GameObject: {fileID: 8987012180087681746}
  m_Enabled: 1
  serializedVersion: 4
  OutputAudioMixerGroup: {fileID: 0}
  m_audioClip: {fileID: 8300000, guid: f1af0b7a6de6ae641ab2278b03950386, type: 3}
  m_PlayOnAwake: 0
  m_Volume: 0.5
  m_Pitch: 1
  Loop: 0
  Mute: 0
  Spatialize: 0
  SpatializePostEffects: 0
  Priority: 128
  DopplerLevel: 1
  MinDistance: 5
  MaxDistance: 40
  Pan2D: 0
  rolloffMode: 0
  BypassEffects: 0
  BypassListenerEffects: 0
  BypassReverbZones: 0
  rolloffCustomCurve:
    serializedVersion: 2
    m_Curve:
    - serializedVersion: 3
      time: 0
      value: 1
      inSlope: 0
      outSlope: 0
      tangentMode: 0
      weightedMode: 0
      inWeight: 0.33333334
      outWeight: 0.33333334
    - serializedVersion: 3
      time: 1
      value: 0
      inSlope: 0
      outSlope: 0
      tangentMode: 0
      weightedMode: 0
      inWeight: 0.33333334
      outWeight: 0.33333334
    m_PreInfinity: 2
    m_PostInfinity: 2
    m_RotationOrder: 4
  panLevelCustomCurve:
    serializedVersion: 2
    m_Curve:
    - serializedVersion: 3
      time: 0
      value: 1
      inSlope: 0
      outSlope: 0
      tangentMode: 0
      weightedMode: 0
      inWeight: 0.33333334
      outWeight: 0.33333334
    m_PreInfinity: 2
    m_PostInfinity: 2
    m_RotationOrder: 4
  spreadCustomCurve:
    serializedVersion: 2
    m_Curve:
    - serializedVersion: 3
      time: 0
      value: 0
      inSlope: 0
      outSlope: 0
      tangentMode: 0
      weightedMode: 0
      inWeight: 0.33333334
      outWeight: 0.33333334
    m_PreInfinity: 2
    m_PostInfinity: 2
    m_RotationOrder: 4
  reverbZoneMixCustomCurve:
    serializedVersion: 2
    m_Curve:
    - serializedVersion: 3
      time: 0
      value: 1
      inSlope: 0
      outSlope: 0
      tangentMode: 0
      weightedMode: 0
      inWeight: 0.33333334
      outWeight: 0.33333334
    m_PreInfinity: 2
    m_PostInfinity: 2
    m_RotationOrder: 4
--- !u!114 &353648111956913441
MonoBehaviour:
  m_ObjectHideFlags: 0
  m_CorrespondingSourceObject: {fileID: 0}
  m_PrefabInstance: {fileID: 0}
  m_PrefabAsset: {fileID: 0}
  m_GameObject: {fileID: 8987012180087681746}
  m_Enabled: 1
  m_EditorHideFlags: 0
  m_Script: {fileID: 11500000, guid: 7f058469536bf1d4794e265db2a243d7, type: 3}
  m_Name: 
  m_EditorClassIdentifier: 
  audioSources:
  - {fileID: -4083133604740533936}
--- !u!1001 &1431214341331165295
PrefabInstance:
  m_ObjectHideFlags: 0
  serializedVersion: 2
  m_Modification:
    m_TransformParent: {fileID: 2730267163828003723}
    m_Modifications:
    - target: {fileID: 4615495232432442312, guid: 7f53749a65ee32d49972bb1ffcd18798,
        type: 3}
      propertyPath: m_RootOrder
      value: 1
      objectReference: {fileID: 0}
    - target: {fileID: 4615495232432442312, guid: 7f53749a65ee32d49972bb1ffcd18798,
        type: 3}
      propertyPath: m_LocalPosition.x
      value: 0
      objectReference: {fileID: 0}
    - target: {fileID: 4615495232432442312, guid: 7f53749a65ee32d49972bb1ffcd18798,
        type: 3}
      propertyPath: m_LocalPosition.y
      value: 27
      objectReference: {fileID: 0}
    - target: {fileID: 4615495232432442312, guid: 7f53749a65ee32d49972bb1ffcd18798,
        type: 3}
      propertyPath: m_LocalPosition.z
      value: 10.5
      objectReference: {fileID: 0}
    - target: {fileID: 4615495232432442312, guid: 7f53749a65ee32d49972bb1ffcd18798,
        type: 3}
      propertyPath: m_LocalRotation.w
      value: 1
      objectReference: {fileID: 0}
    - target: {fileID: 4615495232432442312, guid: 7f53749a65ee32d49972bb1ffcd18798,
        type: 3}
      propertyPath: m_LocalRotation.x
      value: 0
      objectReference: {fileID: 0}
    - target: {fileID: 4615495232432442312, guid: 7f53749a65ee32d49972bb1ffcd18798,
        type: 3}
      propertyPath: m_LocalRotation.y
      value: 0
      objectReference: {fileID: 0}
    - target: {fileID: 4615495232432442312, guid: 7f53749a65ee32d49972bb1ffcd18798,
        type: 3}
      propertyPath: m_LocalRotation.z
      value: 0
      objectReference: {fileID: 0}
    - target: {fileID: 4615495232432442312, guid: 7f53749a65ee32d49972bb1ffcd18798,
        type: 3}
      propertyPath: m_LocalEulerAnglesHint.x
      value: 0
      objectReference: {fileID: 0}
    - target: {fileID: 4615495232432442312, guid: 7f53749a65ee32d49972bb1ffcd18798,
        type: 3}
      propertyPath: m_LocalEulerAnglesHint.y
      value: 0
      objectReference: {fileID: 0}
    - target: {fileID: 4615495232432442312, guid: 7f53749a65ee32d49972bb1ffcd18798,
        type: 3}
      propertyPath: m_LocalEulerAnglesHint.z
      value: 0
      objectReference: {fileID: 0}
    - target: {fileID: 9070657928328340575, guid: 7f53749a65ee32d49972bb1ffcd18798,
        type: 3}
      propertyPath: m_Name
      value: TurretGun (1)
      objectReference: {fileID: 0}
    m_RemovedComponents: []
  m_SourcePrefab: {fileID: 100100000, guid: 7f53749a65ee32d49972bb1ffcd18798, type: 3}
--- !u!4 &6039671977383832487 stripped
Transform:
  m_CorrespondingSourceObject: {fileID: 4615495232432442312, guid: 7f53749a65ee32d49972bb1ffcd18798,
    type: 3}
  m_PrefabInstance: {fileID: 1431214341331165295}
  m_PrefabAsset: {fileID: 0}
--- !u!1001 &2731014468546744384
PrefabInstance:
  m_ObjectHideFlags: 0
  serializedVersion: 2
  m_Modification:
    m_TransformParent: {fileID: 8987012180087681745}
    m_Modifications:
    - target: {fileID: 3833792704293658109, guid: 0b610cad04789a443aa1bfc2368a68ec,
        type: 3}
      propertyPath: m_Name
      value: Shield
      objectReference: {fileID: 0}
    - target: {fileID: 4434345630360853186, guid: 0b610cad04789a443aa1bfc2368a68ec,
        type: 3}
      propertyPath: m_RootOrder
      value: 2
      objectReference: {fileID: 0}
    - target: {fileID: 4434345630360853186, guid: 0b610cad04789a443aa1bfc2368a68ec,
        type: 3}
      propertyPath: m_LocalPosition.x
      value: 0
      objectReference: {fileID: 0}
    - target: {fileID: 4434345630360853186, guid: 0b610cad04789a443aa1bfc2368a68ec,
        type: 3}
      propertyPath: m_LocalPosition.y
      value: 0
      objectReference: {fileID: 0}
    - target: {fileID: 4434345630360853186, guid: 0b610cad04789a443aa1bfc2368a68ec,
        type: 3}
      propertyPath: m_LocalPosition.z
      value: 0
      objectReference: {fileID: 0}
    - target: {fileID: 4434345630360853186, guid: 0b610cad04789a443aa1bfc2368a68ec,
        type: 3}
      propertyPath: m_LocalRotation.w
      value: 1
      objectReference: {fileID: 0}
    - target: {fileID: 4434345630360853186, guid: 0b610cad04789a443aa1bfc2368a68ec,
        type: 3}
      propertyPath: m_LocalRotation.x
      value: 0
      objectReference: {fileID: 0}
    - target: {fileID: 4434345630360853186, guid: 0b610cad04789a443aa1bfc2368a68ec,
        type: 3}
      propertyPath: m_LocalRotation.y
      value: 0
      objectReference: {fileID: 0}
    - target: {fileID: 4434345630360853186, guid: 0b610cad04789a443aa1bfc2368a68ec,
        type: 3}
      propertyPath: m_LocalRotation.z
      value: 0
      objectReference: {fileID: 0}
    - target: {fileID: 4434345630360853186, guid: 0b610cad04789a443aa1bfc2368a68ec,
        type: 3}
      propertyPath: m_LocalEulerAnglesHint.x
      value: 0
      objectReference: {fileID: 0}
    - target: {fileID: 4434345630360853186, guid: 0b610cad04789a443aa1bfc2368a68ec,
        type: 3}
      propertyPath: m_LocalEulerAnglesHint.y
      value: 0
      objectReference: {fileID: 0}
    - target: {fileID: 4434345630360853186, guid: 0b610cad04789a443aa1bfc2368a68ec,
        type: 3}
      propertyPath: m_LocalEulerAnglesHint.z
      value: 0
      objectReference: {fileID: 0}
    m_RemovedComponents: []
  m_SourcePrefab: {fileID: 100100000, guid: 0b610cad04789a443aa1bfc2368a68ec, type: 3}
--- !u!4 &1760756734350625410 stripped
Transform:
  m_CorrespondingSourceObject: {fileID: 4434345630360853186, guid: 0b610cad04789a443aa1bfc2368a68ec,
    type: 3}
  m_PrefabInstance: {fileID: 2731014468546744384}
  m_PrefabAsset: {fileID: 0}
--- !u!1001 &5924409443037839267
PrefabInstance:
  m_ObjectHideFlags: 0
  serializedVersion: 2
  m_Modification:
    m_TransformParent: {fileID: 8987012179147588723}
    m_Modifications:
    - target: {fileID: 2001454943060103305, guid: 30be1e8bc6a38174dba2ded7789527c3,
        type: 3}
      propertyPath: m_Name
      value: OnOffMarkerWrapper
      objectReference: {fileID: 0}
    - target: {fileID: 2066307388650639570, guid: 30be1e8bc6a38174dba2ded7789527c3,
        type: 3}
      propertyPath: m_RootOrder
      value: 1
      objectReference: {fileID: 0}
    - target: {fileID: 2066307388650639570, guid: 30be1e8bc6a38174dba2ded7789527c3,
        type: 3}
      propertyPath: m_LocalPosition.x
      value: -7
      objectReference: {fileID: 0}
    - target: {fileID: 2066307388650639570, guid: 30be1e8bc6a38174dba2ded7789527c3,
        type: 3}
      propertyPath: m_LocalPosition.y
      value: 28
      objectReference: {fileID: 0}
    - target: {fileID: 2066307388650639570, guid: 30be1e8bc6a38174dba2ded7789527c3,
        type: 3}
      propertyPath: m_LocalPosition.z
      value: -4
      objectReference: {fileID: 0}
    - target: {fileID: 2066307388650639570, guid: 30be1e8bc6a38174dba2ded7789527c3,
        type: 3}
      propertyPath: m_LocalRotation.w
      value: 1
      objectReference: {fileID: 0}
    - target: {fileID: 2066307388650639570, guid: 30be1e8bc6a38174dba2ded7789527c3,
        type: 3}
      propertyPath: m_LocalRotation.x
      value: 0
      objectReference: {fileID: 0}
    - target: {fileID: 2066307388650639570, guid: 30be1e8bc6a38174dba2ded7789527c3,
        type: 3}
      propertyPath: m_LocalRotation.y
      value: 0
      objectReference: {fileID: 0}
    - target: {fileID: 2066307388650639570, guid: 30be1e8bc6a38174dba2ded7789527c3,
        type: 3}
      propertyPath: m_LocalRotation.z
      value: 0
      objectReference: {fileID: 0}
    - target: {fileID: 2066307388650639570, guid: 30be1e8bc6a38174dba2ded7789527c3,
        type: 3}
      propertyPath: m_LocalEulerAnglesHint.x
      value: 0
      objectReference: {fileID: 0}
    - target: {fileID: 2066307388650639570, guid: 30be1e8bc6a38174dba2ded7789527c3,
        type: 3}
      propertyPath: m_LocalEulerAnglesHint.y
      value: 0
      objectReference: {fileID: 0}
    - target: {fileID: 2066307388650639570, guid: 30be1e8bc6a38174dba2ded7789527c3,
        type: 3}
      propertyPath: m_LocalEulerAnglesHint.z
      value: 0
      objectReference: {fileID: 0}
    m_RemovedComponents: []
  m_SourcePrefab: {fileID: 100100000, guid: 30be1e8bc6a38174dba2ded7789527c3, type: 3}
--- !u!4 &5664197237877780337 stripped
Transform:
  m_CorrespondingSourceObject: {fileID: 2066307388650639570, guid: 30be1e8bc6a38174dba2ded7789527c3,
    type: 3}
  m_PrefabInstance: {fileID: 5924409443037839267}
  m_PrefabAsset: {fileID: 0}
--- !u!1001 &6552535759422933785
PrefabInstance:
  m_ObjectHideFlags: 0
  serializedVersion: 2
  m_Modification:
    m_TransformParent: {fileID: 8987012179147588723}
    m_Modifications:
    - target: {fileID: -8679921383154817045, guid: 8f29c1d5e83e5f94cb0b10dcce9fdda9,
        type: 3}
      propertyPath: m_RootOrder
      value: 2
      objectReference: {fileID: 0}
    - target: {fileID: -8679921383154817045, guid: 8f29c1d5e83e5f94cb0b10dcce9fdda9,
        type: 3}
      propertyPath: m_LocalPosition.x
      value: -0
      objectReference: {fileID: 0}
    - target: {fileID: -8679921383154817045, guid: 8f29c1d5e83e5f94cb0b10dcce9fdda9,
        type: 3}
      propertyPath: m_LocalPosition.y
      value: 24
      objectReference: {fileID: 0}
    - target: {fileID: -8679921383154817045, guid: 8f29c1d5e83e5f94cb0b10dcce9fdda9,
        type: 3}
      propertyPath: m_LocalPosition.z
      value: 0
      objectReference: {fileID: 0}
    - target: {fileID: -8679921383154817045, guid: 8f29c1d5e83e5f94cb0b10dcce9fdda9,
        type: 3}
      propertyPath: m_LocalRotation.w
      value: 0.7071068
      objectReference: {fileID: 0}
    - target: {fileID: -8679921383154817045, guid: 8f29c1d5e83e5f94cb0b10dcce9fdda9,
        type: 3}
      propertyPath: m_LocalRotation.x
      value: 0
      objectReference: {fileID: 0}
    - target: {fileID: -8679921383154817045, guid: 8f29c1d5e83e5f94cb0b10dcce9fdda9,
        type: 3}
      propertyPath: m_LocalRotation.y
      value: -0.7071068
      objectReference: {fileID: 0}
    - target: {fileID: -8679921383154817045, guid: 8f29c1d5e83e5f94cb0b10dcce9fdda9,
        type: 3}
      propertyPath: m_LocalRotation.z
      value: 0
      objectReference: {fileID: 0}
    - target: {fileID: -8679921383154817045, guid: 8f29c1d5e83e5f94cb0b10dcce9fdda9,
        type: 3}
      propertyPath: m_LocalEulerAnglesHint.x
      value: 0
      objectReference: {fileID: 0}
    - target: {fileID: -8679921383154817045, guid: 8f29c1d5e83e5f94cb0b10dcce9fdda9,
        type: 3}
      propertyPath: m_LocalEulerAnglesHint.y
      value: -90
      objectReference: {fileID: 0}
    - target: {fileID: -8679921383154817045, guid: 8f29c1d5e83e5f94cb0b10dcce9fdda9,
        type: 3}
      propertyPath: m_LocalEulerAnglesHint.z
      value: 0
      objectReference: {fileID: 0}
    - target: {fileID: 919132149155446097, guid: 8f29c1d5e83e5f94cb0b10dcce9fdda9,
        type: 3}
      propertyPath: m_Name
      value: turret-guns-3
      objectReference: {fileID: 0}
    m_RemovedComponents: []
  m_SourcePrefab: {fileID: 100100000, guid: 8f29c1d5e83e5f94cb0b10dcce9fdda9, type: 3}
--- !u!4 &6730051244436466930 stripped
Transform:
  m_CorrespondingSourceObject: {fileID: -8679921383154817045, guid: 8f29c1d5e83e5f94cb0b10dcce9fdda9,
    type: 3}
  m_PrefabInstance: {fileID: 6552535759422933785}
  m_PrefabAsset: {fileID: 0}
--- !u!1001 &7050805833150884063
PrefabInstance:
  m_ObjectHideFlags: 0
  serializedVersion: 2
  m_Modification:
    m_TransformParent: {fileID: 2730267163828003723}
    m_Modifications:
    - target: {fileID: 4615495232432442312, guid: 7f53749a65ee32d49972bb1ffcd18798,
        type: 3}
      propertyPath: m_RootOrder
      value: 2
      objectReference: {fileID: 0}
    - target: {fileID: 4615495232432442312, guid: 7f53749a65ee32d49972bb1ffcd18798,
        type: 3}
      propertyPath: m_LocalPosition.x
      value: -5
      objectReference: {fileID: 0}
    - target: {fileID: 4615495232432442312, guid: 7f53749a65ee32d49972bb1ffcd18798,
        type: 3}
      propertyPath: m_LocalPosition.y
      value: 27
      objectReference: {fileID: 0}
    - target: {fileID: 4615495232432442312, guid: 7f53749a65ee32d49972bb1ffcd18798,
        type: 3}
      propertyPath: m_LocalPosition.z
      value: 10.5
      objectReference: {fileID: 0}
    - target: {fileID: 4615495232432442312, guid: 7f53749a65ee32d49972bb1ffcd18798,
        type: 3}
      propertyPath: m_LocalRotation.w
      value: 1
      objectReference: {fileID: 0}
    - target: {fileID: 4615495232432442312, guid: 7f53749a65ee32d49972bb1ffcd18798,
        type: 3}
      propertyPath: m_LocalRotation.x
      value: 0
      objectReference: {fileID: 0}
    - target: {fileID: 4615495232432442312, guid: 7f53749a65ee32d49972bb1ffcd18798,
        type: 3}
      propertyPath: m_LocalRotation.y
      value: 0
      objectReference: {fileID: 0}
    - target: {fileID: 4615495232432442312, guid: 7f53749a65ee32d49972bb1ffcd18798,
        type: 3}
      propertyPath: m_LocalRotation.z
      value: 0
      objectReference: {fileID: 0}
    - target: {fileID: 4615495232432442312, guid: 7f53749a65ee32d49972bb1ffcd18798,
        type: 3}
      propertyPath: m_LocalEulerAnglesHint.x
      value: 0
      objectReference: {fileID: 0}
    - target: {fileID: 4615495232432442312, guid: 7f53749a65ee32d49972bb1ffcd18798,
        type: 3}
      propertyPath: m_LocalEulerAnglesHint.y
      value: 0
      objectReference: {fileID: 0}
    - target: {fileID: 4615495232432442312, guid: 7f53749a65ee32d49972bb1ffcd18798,
        type: 3}
      propertyPath: m_LocalEulerAnglesHint.z
      value: 0
      objectReference: {fileID: 0}
    - target: {fileID: 9070657928328340575, guid: 7f53749a65ee32d49972bb1ffcd18798,
        type: 3}
      propertyPath: m_Name
      value: TurretGun (2)
      objectReference: {fileID: 0}
    m_RemovedComponents: []
  m_SourcePrefab: {fileID: 100100000, guid: 7f53749a65ee32d49972bb1ffcd18798, type: 3}
--- !u!4 &2437844851221390103 stripped
Transform:
  m_CorrespondingSourceObject: {fileID: 4615495232432442312, guid: 7f53749a65ee32d49972bb1ffcd18798,
    type: 3}
  m_PrefabInstance: {fileID: 7050805833150884063}
  m_PrefabAsset: {fileID: 0}
--- !u!1001 &7997116355168675939
PrefabInstance:
  m_ObjectHideFlags: 0
  serializedVersion: 2
  m_Modification:
    m_TransformParent: {fileID: 4453526035569206286}
    m_Modifications:
    - target: {fileID: -8679921383154817045, guid: f2bba5f1a0a980d41bbad8f33668159b,
        type: 3}
      propertyPath: m_RootOrder
      value: 1
      objectReference: {fileID: 0}
    - target: {fileID: -8679921383154817045, guid: f2bba5f1a0a980d41bbad8f33668159b,
        type: 3}
      propertyPath: m_LocalPosition.x
      value: 0
      objectReference: {fileID: 0}
    - target: {fileID: -8679921383154817045, guid: f2bba5f1a0a980d41bbad8f33668159b,
        type: 3}
      propertyPath: m_LocalPosition.y
      value: 0
      objectReference: {fileID: 0}
    - target: {fileID: -8679921383154817045, guid: f2bba5f1a0a980d41bbad8f33668159b,
        type: 3}
      propertyPath: m_LocalPosition.z
      value: 0
      objectReference: {fileID: 0}
    - target: {fileID: -8679921383154817045, guid: f2bba5f1a0a980d41bbad8f33668159b,
        type: 3}
      propertyPath: m_LocalRotation.w
      value: 1
      objectReference: {fileID: 0}
    - target: {fileID: -8679921383154817045, guid: f2bba5f1a0a980d41bbad8f33668159b,
        type: 3}
      propertyPath: m_LocalRotation.x
      value: -0
      objectReference: {fileID: 0}
    - target: {fileID: -8679921383154817045, guid: f2bba5f1a0a980d41bbad8f33668159b,
        type: 3}
      propertyPath: m_LocalRotation.y
      value: -0
      objectReference: {fileID: 0}
    - target: {fileID: -8679921383154817045, guid: f2bba5f1a0a980d41bbad8f33668159b,
        type: 3}
      propertyPath: m_LocalRotation.z
      value: -0
      objectReference: {fileID: 0}
    - target: {fileID: -8679921383154817045, guid: f2bba5f1a0a980d41bbad8f33668159b,
        type: 3}
      propertyPath: m_LocalEulerAnglesHint.x
      value: 0
      objectReference: {fileID: 0}
    - target: {fileID: -8679921383154817045, guid: f2bba5f1a0a980d41bbad8f33668159b,
        type: 3}
      propertyPath: m_LocalEulerAnglesHint.y
      value: 0
      objectReference: {fileID: 0}
    - target: {fileID: -8679921383154817045, guid: f2bba5f1a0a980d41bbad8f33668159b,
        type: 3}
      propertyPath: m_LocalEulerAnglesHint.z
      value: 0
      objectReference: {fileID: 0}
    - target: {fileID: 919132149155446097, guid: f2bba5f1a0a980d41bbad8f33668159b,
        type: 3}
      propertyPath: m_Name
      value: turret-base
      objectReference: {fileID: 0}
    m_RemovedComponents: []
  m_SourcePrefab: {fileID: 100100000, guid: f2bba5f1a0a980d41bbad8f33668159b, type: 3}
--- !u!4 &7598082234338693000 stripped
Transform:
  m_CorrespondingSourceObject: {fileID: -8679921383154817045, guid: f2bba5f1a0a980d41bbad8f33668159b,
    type: 3}
  m_PrefabInstance: {fileID: 7997116355168675939}
  m_PrefabAsset: {fileID: 0}
--- !u!1001 &8044466176770843696
PrefabInstance:
  m_ObjectHideFlags: 0
  serializedVersion: 2
  m_Modification:
    m_TransformParent: {fileID: 2730267163828003723}
    m_Modifications:
    - target: {fileID: 4615495232432442312, guid: 7f53749a65ee32d49972bb1ffcd18798,
        type: 3}
      propertyPath: m_RootOrder
      value: 0
      objectReference: {fileID: 0}
    - target: {fileID: 4615495232432442312, guid: 7f53749a65ee32d49972bb1ffcd18798,
        type: 3}
      propertyPath: m_LocalPosition.x
      value: 5
      objectReference: {fileID: 0}
    - target: {fileID: 4615495232432442312, guid: 7f53749a65ee32d49972bb1ffcd18798,
        type: 3}
      propertyPath: m_LocalPosition.y
      value: 27
      objectReference: {fileID: 0}
    - target: {fileID: 4615495232432442312, guid: 7f53749a65ee32d49972bb1ffcd18798,
        type: 3}
      propertyPath: m_LocalPosition.z
      value: 10.5
      objectReference: {fileID: 0}
    - target: {fileID: 4615495232432442312, guid: 7f53749a65ee32d49972bb1ffcd18798,
        type: 3}
      propertyPath: m_LocalRotation.w
      value: 1
      objectReference: {fileID: 0}
    - target: {fileID: 4615495232432442312, guid: 7f53749a65ee32d49972bb1ffcd18798,
        type: 3}
      propertyPath: m_LocalRotation.x
      value: 0
      objectReference: {fileID: 0}
    - target: {fileID: 4615495232432442312, guid: 7f53749a65ee32d49972bb1ffcd18798,
        type: 3}
      propertyPath: m_LocalRotation.y
      value: 0
      objectReference: {fileID: 0}
    - target: {fileID: 4615495232432442312, guid: 7f53749a65ee32d49972bb1ffcd18798,
        type: 3}
      propertyPath: m_LocalRotation.z
      value: 0
      objectReference: {fileID: 0}
    - target: {fileID: 4615495232432442312, guid: 7f53749a65ee32d49972bb1ffcd18798,
        type: 3}
      propertyPath: m_LocalEulerAnglesHint.x
      value: 0
      objectReference: {fileID: 0}
    - target: {fileID: 4615495232432442312, guid: 7f53749a65ee32d49972bb1ffcd18798,
        type: 3}
      propertyPath: m_LocalEulerAnglesHint.y
      value: 0
      objectReference: {fileID: 0}
    - target: {fileID: 4615495232432442312, guid: 7f53749a65ee32d49972bb1ffcd18798,
        type: 3}
      propertyPath: m_LocalEulerAnglesHint.z
      value: 0
      objectReference: {fileID: 0}
    - target: {fileID: 9070657928328340575, guid: 7f53749a65ee32d49972bb1ffcd18798,
        type: 3}
      propertyPath: m_Name
      value: TurretGun
      objectReference: {fileID: 0}
    m_RemovedComponents: []
  m_SourcePrefab: {fileID: 100100000, guid: 7f53749a65ee32d49972bb1ffcd18798, type: 3}
--- !u!4 &3435726620457381880 stripped
Transform:
  m_CorrespondingSourceObject: {fileID: 4615495232432442312, guid: 7f53749a65ee32d49972bb1ffcd18798,
    type: 3}
  m_PrefabInstance: {fileID: 8044466176770843696}
  m_PrefabAsset: {fileID: 0}
--- !u!1001 &8211814514762570906
PrefabInstance:
  m_ObjectHideFlags: 0
  serializedVersion: 2
  m_Modification:
    m_TransformParent: {fileID: 8987012180087681745}
    m_Modifications:
    - target: {fileID: 2121828071349757459, guid: 9ea2cd074cfc0a9409d31412b9edb0cd,
        type: 3}
      propertyPath: m_RootOrder
      value: 1
      objectReference: {fileID: 0}
    - target: {fileID: 2121828071349757459, guid: 9ea2cd074cfc0a9409d31412b9edb0cd,
        type: 3}
      propertyPath: m_LocalPosition.x
      value: 0
      objectReference: {fileID: 0}
    - target: {fileID: 2121828071349757459, guid: 9ea2cd074cfc0a9409d31412b9edb0cd,
        type: 3}
      propertyPath: m_LocalPosition.y
      value: 0
      objectReference: {fileID: 0}
    - target: {fileID: 2121828071349757459, guid: 9ea2cd074cfc0a9409d31412b9edb0cd,
        type: 3}
      propertyPath: m_LocalPosition.z
      value: 0
      objectReference: {fileID: 0}
    - target: {fileID: 2121828071349757459, guid: 9ea2cd074cfc0a9409d31412b9edb0cd,
        type: 3}
      propertyPath: m_LocalRotation.w
      value: 1
      objectReference: {fileID: 0}
    - target: {fileID: 2121828071349757459, guid: 9ea2cd074cfc0a9409d31412b9edb0cd,
        type: 3}
      propertyPath: m_LocalRotation.x
      value: -0
      objectReference: {fileID: 0}
    - target: {fileID: 2121828071349757459, guid: 9ea2cd074cfc0a9409d31412b9edb0cd,
        type: 3}
      propertyPath: m_LocalRotation.y
      value: -0
      objectReference: {fileID: 0}
    - target: {fileID: 2121828071349757459, guid: 9ea2cd074cfc0a9409d31412b9edb0cd,
        type: 3}
      propertyPath: m_LocalRotation.z
      value: -0
      objectReference: {fileID: 0}
    - target: {fileID: 2121828071349757459, guid: 9ea2cd074cfc0a9409d31412b9edb0cd,
        type: 3}
      propertyPath: m_LocalEulerAnglesHint.x
      value: -90
      objectReference: {fileID: 0}
    - target: {fileID: 2121828071349757459, guid: 9ea2cd074cfc0a9409d31412b9edb0cd,
        type: 3}
      propertyPath: m_LocalEulerAnglesHint.y
      value: 0
      objectReference: {fileID: 0}
    - target: {fileID: 2121828071349757459, guid: 9ea2cd074cfc0a9409d31412b9edb0cd,
        type: 3}
      propertyPath: m_LocalEulerAnglesHint.z
      value: 0
      objectReference: {fileID: 0}
    - target: {fileID: 6483639458410825124, guid: 9ea2cd074cfc0a9409d31412b9edb0cd,
        type: 3}
      propertyPath: ShapeModule.m_Scale.x
      value: 0.2
      objectReference: {fileID: 0}
    - target: {fileID: 6483639458410825124, guid: 9ea2cd074cfc0a9409d31412b9edb0cd,
        type: 3}
      propertyPath: ShapeModule.m_Scale.y
      value: 0.3
      objectReference: {fileID: 0}
    - target: {fileID: 6483639458410825124, guid: 9ea2cd074cfc0a9409d31412b9edb0cd,
        type: 3}
      propertyPath: ShapeModule.m_Scale.z
      value: 0.2
      objectReference: {fileID: 0}
    - target: {fileID: 6483639458410825124, guid: 9ea2cd074cfc0a9409d31412b9edb0cd,
        type: 3}
      propertyPath: ShapeModule.m_Position.y
      value: 0.15
      objectReference: {fileID: 0}
    - target: {fileID: 6483639458410825124, guid: 9ea2cd074cfc0a9409d31412b9edb0cd,
        type: 3}
      propertyPath: InitialModule.startSize.scalar
      value: 0.04
      objectReference: {fileID: 0}
    - target: {fileID: 6483639458410825124, guid: 9ea2cd074cfc0a9409d31412b9edb0cd,
        type: 3}
      propertyPath: InitialModule.startSize.minScalar
      value: 0.02
      objectReference: {fileID: 0}
    - target: {fileID: 6483639458410825124, guid: 9ea2cd074cfc0a9409d31412b9edb0cd,
        type: 3}
      propertyPath: EmissionModule.m_Bursts.Array.data[0].countCurve.scalar
      value: 20
      objectReference: {fileID: 0}
    - target: {fileID: 6588382472458011887, guid: 9ea2cd074cfc0a9409d31412b9edb0cd,
        type: 3}
      propertyPath: m_Name
      value: Bricks
      objectReference: {fileID: 0}
    m_RemovedComponents: []
  m_SourcePrefab: {fileID: 100100000, guid: 9ea2cd074cfc0a9409d31412b9edb0cd, type: 3}
--- !u!4 &7819382174239488649 stripped
Transform:
  m_CorrespondingSourceObject: {fileID: 2121828071349757459, guid: 9ea2cd074cfc0a9409d31412b9edb0cd,
    type: 3}
  m_PrefabInstance: {fileID: 8211814514762570906}
  m_PrefabAsset: {fileID: 0}
--- !u!198 &2885886483038296382 stripped
ParticleSystem:
  m_CorrespondingSourceObject: {fileID: 6483639458410825124, guid: 9ea2cd074cfc0a9409d31412b9edb0cd,
    type: 3}
  m_PrefabInstance: {fileID: 8211814514762570906}
  m_PrefabAsset: {fileID: 0}
