%YAML 1.1
%TAG !u! tag:unity3d.com,2011:
--- !u!114 &8290370858382608444
MonoBehaviour:
  m_ObjectHideFlags: 0
  m_CorrespondingSourceObject: {fileID: 0}
  m_PrefabInstance: {fileID: 0}
  m_PrefabAsset: {fileID: 0}
  m_GameObject: {fileID: 47107293750072623}
  m_Enabled: 1
  m_EditorHideFlags: 0
  m_Script: {fileID: 11500000, guid: 2115e2b24ae9d87428062a4428654e34, type: 3}
  m_Name: 
  m_EditorClassIdentifier: 
--- !u!114 &9153235382699776546
MonoBehaviour:
  m_ObjectHideFlags: 0
  m_CorrespondingSourceObject: {fileID: 0}
  m_PrefabInstance: {fileID: 0}
  m_PrefabAsset: {fileID: 0}
  m_GameObject: {fileID: 1687279048970686056}
  m_Enabled: 1
  m_EditorHideFlags: 0
  m_Script: {fileID: 11500000, guid: 2115e2b24ae9d87428062a4428654e34, type: 3}
  m_Name: 
  m_EditorClassIdentifier: 
--- !u!114 &1734322243023183225
MonoBehaviour:
  m_ObjectHideFlags: 0
  m_CorrespondingSourceObject: {fileID: 0}
  m_PrefabInstance: {fileID: 0}
  m_PrefabAsset: {fileID: 0}
  m_GameObject: {fileID: 6830916169092982987}
  m_Enabled: 1
  m_EditorHideFlags: 0
  m_Script: {fileID: 11500000, guid: 2115e2b24ae9d87428062a4428654e34, type: 3}
  m_Name: 
  m_EditorClassIdentifier: 
--- !u!1 &8889015255216409690
GameObject:
  m_ObjectHideFlags: 0
  m_CorrespondingSourceObject: {fileID: 0}
  m_PrefabInstance: {fileID: 0}
  m_PrefabAsset: {fileID: 0}
  serializedVersion: 6
  m_Component:
  - component: {fileID: 148120601454664524}
  - component: {fileID: -1801728179454838989}
  m_Layer: 0
  m_Name: Wheel
  m_TagString: Untagged
  m_Icon: {fileID: 0}
  m_NavMeshLayer: 0
  m_StaticEditorFlags: 0
  m_IsActive: 1
--- !u!4 &148120601454664524
Transform:
  m_ObjectHideFlags: 0
  m_CorrespondingSourceObject: {fileID: 0}
  m_PrefabInstance: {fileID: 0}
  m_PrefabAsset: {fileID: 0}
  m_GameObject: {fileID: 8889015255216409690}
  m_LocalRotation: {x: 0, y: 0, z: 0, w: 1}
  m_LocalPosition: {x: 0, y: 0, z: 0}
  m_LocalScale: {x: 1, y: 1, z: 1}
  m_Children:
  - {fileID: 8530170196518680396}
  - {fileID: 2885207969917651624}
  - {fileID: 7038123558228749323}
  m_Father: {fileID: 0}
  m_RootOrder: 0
  m_LocalEulerAnglesHint: {x: 0, y: 0, z: 0}
--- !u!114 &-1801728179454838989
MonoBehaviour:
  m_ObjectHideFlags: 0
  m_CorrespondingSourceObject: {fileID: 0}
  m_PrefabInstance: {fileID: 0}
  m_PrefabAsset: {fileID: 0}
  m_GameObject: {fileID: 8889015255216409690}
  m_Enabled: 1
  m_EditorHideFlags: 0
  m_Script: {fileID: 11500000, guid: b602618a68ea93347bcdb3569ce5811a, type: 3}
  m_Name: 
  m_EditorClassIdentifier: 
  isLeft: 0
--- !u!1001 &3422990948599868739
PrefabInstance:
  m_ObjectHideFlags: 0
  serializedVersion: 2
  m_Modification:
    m_TransformParent: {fileID: 148120601454664524}
    m_Modifications:
    - target: {fileID: -8679921383154817045, guid: 2cface0dbc0bf0146bcbf34e2640182d,
        type: 3}
      propertyPath: m_LocalPosition.x
      value: 0
      objectReference: {fileID: 0}
    - target: {fileID: -8679921383154817045, guid: 2cface0dbc0bf0146bcbf34e2640182d,
        type: 3}
      propertyPath: m_LocalPosition.y
      value: 0
      objectReference: {fileID: 0}
    - target: {fileID: -8679921383154817045, guid: 2cface0dbc0bf0146bcbf34e2640182d,
        type: 3}
      propertyPath: m_LocalPosition.z
      value: 0
      objectReference: {fileID: 0}
    - target: {fileID: -8679921383154817045, guid: 2cface0dbc0bf0146bcbf34e2640182d,
        type: 3}
      propertyPath: m_LocalRotation.x
      value: 0
      objectReference: {fileID: 0}
    - target: {fileID: -8679921383154817045, guid: 2cface0dbc0bf0146bcbf34e2640182d,
        type: 3}
      propertyPath: m_LocalRotation.y
      value: -0
      objectReference: {fileID: 0}
    - target: {fileID: -8679921383154817045, guid: 2cface0dbc0bf0146bcbf34e2640182d,
        type: 3}
      propertyPath: m_LocalRotation.z
      value: -0
      objectReference: {fileID: 0}
    - target: {fileID: -8679921383154817045, guid: 2cface0dbc0bf0146bcbf34e2640182d,
        type: 3}
      propertyPath: m_LocalRotation.w
      value: 1
      objectReference: {fileID: 0}
    - target: {fileID: -8679921383154817045, guid: 2cface0dbc0bf0146bcbf34e2640182d,
        type: 3}
      propertyPath: m_RootOrder
      value: 1
      objectReference: {fileID: 0}
    - target: {fileID: -8679921383154817045, guid: 2cface0dbc0bf0146bcbf34e2640182d,
        type: 3}
      propertyPath: m_LocalEulerAnglesHint.x
      value: 0
      objectReference: {fileID: 0}
    - target: {fileID: -8679921383154817045, guid: 2cface0dbc0bf0146bcbf34e2640182d,
        type: 3}
      propertyPath: m_LocalEulerAnglesHint.y
      value: 0
      objectReference: {fileID: 0}
    - target: {fileID: -8679921383154817045, guid: 2cface0dbc0bf0146bcbf34e2640182d,
        type: 3}
      propertyPath: m_LocalEulerAnglesHint.z
      value: 0
      objectReference: {fileID: 0}
    - target: {fileID: -7635826562936255635, guid: 2cface0dbc0bf0146bcbf34e2640182d,
        type: 3}
      propertyPath: m_Materials.Array.size
      value: 2
      objectReference: {fileID: 0}
    - target: {fileID: -7635826562936255635, guid: 2cface0dbc0bf0146bcbf34e2640182d,
        type: 3}
      propertyPath: m_Materials.Array.data[1]
      value: 
      objectReference: {fileID: 2100000, guid: 3b62b4ae604f4c84e9da13b973162ea0, type: 2}
    - target: {fileID: 919132149155446097, guid: 2cface0dbc0bf0146bcbf34e2640182d,
        type: 3}
      propertyPath: m_Name
      value: wheel-01
      objectReference: {fileID: 0}
    - target: {fileID: 919132149155446097, guid: 2cface0dbc0bf0146bcbf34e2640182d,
        type: 3}
      propertyPath: m_IsActive
      value: 0
      objectReference: {fileID: 0}
    m_RemovedComponents: []
  m_SourcePrefab: {fileID: 100100000, guid: 2cface0dbc0bf0146bcbf34e2640182d, type: 3}
--- !u!4 &2885207969917651624 stripped
Transform:
  m_CorrespondingSourceObject: {fileID: -8679921383154817045, guid: 2cface0dbc0bf0146bcbf34e2640182d,
    type: 3}
  m_PrefabInstance: {fileID: 3422990948599868739}
  m_PrefabAsset: {fileID: 0}
--- !u!1 &6830916169092982987 stripped
GameObject:
  m_CorrespondingSourceObject: {fileID: 8164078558771037576, guid: 2cface0dbc0bf0146bcbf34e2640182d,
    type: 3}
  m_PrefabInstance: {fileID: 3422990948599868739}
  m_PrefabAsset: {fileID: 0}
--- !u!1001 &7360792103778323424
PrefabInstance:
  m_ObjectHideFlags: 0
  serializedVersion: 2
  m_Modification:
    m_TransformParent: {fileID: 148120601454664524}
    m_Modifications:
    - target: {fileID: -8679921383154817045, guid: 8a972fc1fd9451841ab22bd89608107a,
        type: 3}
      propertyPath: m_LocalPosition.x
      value: 0
      objectReference: {fileID: 0}
    - target: {fileID: -8679921383154817045, guid: 8a972fc1fd9451841ab22bd89608107a,
        type: 3}
      propertyPath: m_LocalPosition.y
      value: 0
      objectReference: {fileID: 0}
    - target: {fileID: -8679921383154817045, guid: 8a972fc1fd9451841ab22bd89608107a,
        type: 3}
      propertyPath: m_LocalPosition.z
      value: 0
      objectReference: {fileID: 0}
    - target: {fileID: -8679921383154817045, guid: 8a972fc1fd9451841ab22bd89608107a,
        type: 3}
      propertyPath: m_LocalRotation.x
      value: 0
      objectReference: {fileID: 0}
    - target: {fileID: -8679921383154817045, guid: 8a972fc1fd9451841ab22bd89608107a,
        type: 3}
      propertyPath: m_LocalRotation.y
      value: -0
      objectReference: {fileID: 0}
    - target: {fileID: -8679921383154817045, guid: 8a972fc1fd9451841ab22bd89608107a,
        type: 3}
      propertyPath: m_LocalRotation.z
      value: -0
      objectReference: {fileID: 0}
    - target: {fileID: -8679921383154817045, guid: 8a972fc1fd9451841ab22bd89608107a,
        type: 3}
      propertyPath: m_LocalRotation.w
      value: 1
      objectReference: {fileID: 0}
    - target: {fileID: -8679921383154817045, guid: 8a972fc1fd9451841ab22bd89608107a,
        type: 3}
      propertyPath: m_RootOrder
      value: 2
      objectReference: {fileID: 0}
    - target: {fileID: -8679921383154817045, guid: 8a972fc1fd9451841ab22bd89608107a,
        type: 3}
      propertyPath: m_LocalEulerAnglesHint.x
      value: 0
      objectReference: {fileID: 0}
    - target: {fileID: -8679921383154817045, guid: 8a972fc1fd9451841ab22bd89608107a,
        type: 3}
      propertyPath: m_LocalEulerAnglesHint.y
      value: 0
      objectReference: {fileID: 0}
    - target: {fileID: -8679921383154817045, guid: 8a972fc1fd9451841ab22bd89608107a,
        type: 3}
      propertyPath: m_LocalEulerAnglesHint.z
      value: 0
      objectReference: {fileID: 0}
    - target: {fileID: -7635826562936255635, guid: 8a972fc1fd9451841ab22bd89608107a,
        type: 3}
      propertyPath: m_Materials.Array.size
      value: 2
      objectReference: {fileID: 0}
    - target: {fileID: -7635826562936255635, guid: 8a972fc1fd9451841ab22bd89608107a,
        type: 3}
      propertyPath: m_Materials.Array.data[1]
      value: 
      objectReference: {fileID: 2100000, guid: 3b62b4ae604f4c84e9da13b973162ea0, type: 2}
    - target: {fileID: 919132149155446097, guid: 8a972fc1fd9451841ab22bd89608107a,
        type: 3}
      propertyPath: m_Name
      value: wheel-02
      objectReference: {fileID: 0}
    - target: {fileID: 919132149155446097, guid: 8a972fc1fd9451841ab22bd89608107a,
        type: 3}
      propertyPath: m_IsActive
      value: 0
      objectReference: {fileID: 0}
    m_RemovedComponents: []
  m_SourcePrefab: {fileID: 100100000, guid: 8a972fc1fd9451841ab22bd89608107a, type: 3}
--- !u!4 &7038123558228749323 stripped
Transform:
  m_CorrespondingSourceObject: {fileID: -8679921383154817045, guid: 8a972fc1fd9451841ab22bd89608107a,
    type: 3}
  m_PrefabInstance: {fileID: 7360792103778323424}
  m_PrefabAsset: {fileID: 0}
--- !u!1 &1687279048970686056 stripped
GameObject:
  m_CorrespondingSourceObject: {fileID: 8164078558771037576, guid: 8a972fc1fd9451841ab22bd89608107a,
    type: 3}
  m_PrefabInstance: {fileID: 7360792103778323424}
  m_PrefabAsset: {fileID: 0}
--- !u!1001 &8208929504192876711
PrefabInstance:
  m_ObjectHideFlags: 0
  serializedVersion: 2
  m_Modification:
    m_TransformParent: {fileID: 148120601454664524}
    m_Modifications:
    - target: {fileID: -8679921383154817045, guid: 45db4946e53947e46979cea3755e6ec2,
        type: 3}
      propertyPath: m_LocalPosition.x
      value: 0
      objectReference: {fileID: 0}
    - target: {fileID: -8679921383154817045, guid: 45db4946e53947e46979cea3755e6ec2,
        type: 3}
      propertyPath: m_LocalPosition.y
      value: 0
      objectReference: {fileID: 0}
    - target: {fileID: -8679921383154817045, guid: 45db4946e53947e46979cea3755e6ec2,
        type: 3}
      propertyPath: m_LocalPosition.z
      value: 0
      objectReference: {fileID: 0}
    - target: {fileID: -8679921383154817045, guid: 45db4946e53947e46979cea3755e6ec2,
        type: 3}
      propertyPath: m_LocalRotation.x
      value: 0
      objectReference: {fileID: 0}
    - target: {fileID: -8679921383154817045, guid: 45db4946e53947e46979cea3755e6ec2,
        type: 3}
      propertyPath: m_LocalRotation.y
      value: -0
      objectReference: {fileID: 0}
    - target: {fileID: -8679921383154817045, guid: 45db4946e53947e46979cea3755e6ec2,
        type: 3}
      propertyPath: m_LocalRotation.z
      value: -0
      objectReference: {fileID: 0}
    - target: {fileID: -8679921383154817045, guid: 45db4946e53947e46979cea3755e6ec2,
        type: 3}
      propertyPath: m_LocalRotation.w
      value: 1
      objectReference: {fileID: 0}
    - target: {fileID: -8679921383154817045, guid: 45db4946e53947e46979cea3755e6ec2,
        type: 3}
      propertyPath: m_RootOrder
      value: 0
      objectReference: {fileID: 0}
    - target: {fileID: -8679921383154817045, guid: 45db4946e53947e46979cea3755e6ec2,
        type: 3}
      propertyPath: m_LocalEulerAnglesHint.x
      value: 0
      objectReference: {fileID: 0}
    - target: {fileID: -8679921383154817045, guid: 45db4946e53947e46979cea3755e6ec2,
        type: 3}
      propertyPath: m_LocalEulerAnglesHint.y
      value: 0
      objectReference: {fileID: 0}
    - target: {fileID: -8679921383154817045, guid: 45db4946e53947e46979cea3755e6ec2,
        type: 3}
      propertyPath: m_LocalEulerAnglesHint.z
      value: 0
      objectReference: {fileID: 0}
    - target: {fileID: -7635826562936255635, guid: 45db4946e53947e46979cea3755e6ec2,
        type: 3}
      propertyPath: m_Materials.Array.size
      value: 2
      objectReference: {fileID: 0}
    - target: {fileID: -7635826562936255635, guid: 45db4946e53947e46979cea3755e6ec2,
        type: 3}
      propertyPath: m_Materials.Array.data[1]
      value: 
      objectReference: {fileID: 2100000, guid: 3b62b4ae604f4c84e9da13b973162ea0, type: 2}
    - target: {fileID: 919132149155446097, guid: 45db4946e53947e46979cea3755e6ec2,
        type: 3}
      propertyPath: m_Name
      value: wheel-00
      objectReference: {fileID: 0}
    m_RemovedComponents: []
  m_SourcePrefab: {fileID: 100100000, guid: 45db4946e53947e46979cea3755e6ec2, type: 3}
--- !u!4 &8530170196518680396 stripped
Transform:
  m_CorrespondingSourceObject: {fileID: -8679921383154817045, guid: 45db4946e53947e46979cea3755e6ec2,
    type: 3}
  m_PrefabInstance: {fileID: 8208929504192876711}
  m_PrefabAsset: {fileID: 0}
--- !u!1 &47107293750072623 stripped
GameObject:
  m_CorrespondingSourceObject: {fileID: 8164078558771037576, guid: 45db4946e53947e46979cea3755e6ec2,
    type: 3}
  m_PrefabInstance: {fileID: 8208929504192876711}
  m_PrefabAsset: {fileID: 0}
